% This file was created with JabRef 2.10b2.
% Encoding: UTF-8


@Article{sorensen03,
  Title                    = {Stopping of relativistic heavy ions; the pair production and bremsstrahlung channels},
  Author                   = {A. H. S\o rensen},
  Journal                  = {17th International Conference on the Application of Accelerators in Research and Industry, Denton, Texas (USA)},
  Year                     = {2003},
  Number                   = {1},
  Pages                    = {102-105},
  Volume                   = {680},

  Doi                      = {10.1063/1.1619675},
  Editor                   = {Jerome L. Duggan and Ira Lon Morgan and Margaret Hall},
  Keywords                 = {energy loss of particles; ion beams; atom-ion collisions; electron-positron scattering; quantum theory; electromagnetism; bremsstrahlung},
  Location                 = {Denton, Texas (USA)},
  Publisher                = {AIP},
  Url                      = {http://link.aip.org/link/?APC/680/102/1}
}

@Article{sorensen05,
  Title                    = {Pair production and bremsstrahlung contributions to the stopping of relativistic heavy ions},
  Author                   = {A. H. S\o rensen},
  Journal                  = {Nucl. Inst. \& Methods B},
  Year                     = {2005},
  Number                   = {1},
  Pages                    = {12},
  Volume                   = {230}
}

@Article{piwinski98,
  Title                    = {The Touschek effect in Strong Focussing Rings},
  Author                   = {\mbox{A. Piwinski}},
  Journal                  = {DESY 98-179},
  Year                     = {1998}
}

@Article{piwinski85,
  Title                    = {Beam losses and lifetimes},
  Author                   = {\mbox{A. Piwinski}},
  Journal                  = {Proc. of the CERN Accelerator School, Gif-sur-Yvette, France},
  Year                     = {1985},
  Volume                   = {CERN-85-19}
}

@Article{zimmermann05,
  Title                    = {{Intrabeam Scattering with Non-Ultrarelativistic Corrections and Vertical Dispersion for MAD-X}},
  Author                   = {\mbox{F. Zimmermann}},
  Journal                  = {CERN-AB-2006-002},
  Year                     = {2005}
}

@Article{rossi_collimation_review,
  Title                    = {{Proton beam performance with and without IR3 upgrade}},
  Author                   = {A. Rossi \textit{et al.}},
  Journal                  = {{presentation in the LHC Collimation Review 2011}},
  Year                     = {2011}
}

@Article{rdm_HSS_meeting,
  Title                    = {{Optics studies in view of 2016 LHC run}},
  Author                   = {R. De Maria},
  Journal                  = {{presentation in the HSS section meeting, 2015.12.09}},
  Year                     = {2015}
}


@Article{skordis_CWG14,
  Title                    = {{Updates on FLUKA simulations of the 4 TeV quench test}},
  Author                   = {E. Skordis \textit{et al.}},
  Journal                  = {{presentation in the LHC Collimation Working Group, 2014.10.06}},
  Year                     = {2014}
}

@Article{mirarchi16_CWG,
  Title                    = {{Status of loss maps and validation}},
  Author                   = {D. Mirarchi},
  Journal                  = {{presentation in the LHC Collimation Working Group, 2016.04.25}},
  Year                     = {2016},
  url = "https://indico.cern.ch/event/522874/"
}


@Article{metral_LMC15,
  Title                    = {{BCMS beams for LHC run II: luminosity reach and beam production}},
  Author                   = {E. Metral \textit{et al.}},
  Journal                  = {{presentation in the LHC Machine Committee (LMC), 2015.02.18}},
  Year                     = {2015}
}

@Article{uythoven_LMC15,
  Title                    = {{Operation with BCMS beams for Run 2: Introduction and Machine Limits}},
  Author                   = {J. Uythoven \textit{et al.}},
  Journal                  = {{presentation in the LHC Machine Committee (LMC), 2015.02.18}},
  Year                     = {2015}
}

@Article{goddard_LMC15,
  Title                    = {{MKD erratics during LBDS reliability run}},
  Author                   = {B. Goddard \textit{et al.}},
  Journal                  = {{presentation in the LHC Machine Committee (LMC), 2015.03.11}},
  Year                     = {2015}
}

@Article{steele13_coll_review,
  Title                    = {Heat load scenarios and protection levels for ions},
  Author                   = {G. Steele \textit{et al.}},
  Journal                  = {Presentation at the LHC Collimation Review},
  Year                     = {2013},

  Owner                    = {roderik},
  Timestamp                = {2015.03.18}
}

@Article{smirnov,
  Title                    = {{Interactions of Ultrarelativistic Heavy Ions with Matter at LHC Energies}},
  Author                   = {G. Smirnov \textit{et al.}},
  Journal                  = {to be published},
  Year                     = {2007}
}

@Article{schatz94,
  Author                   = {G Schatz \textit{et al.}},
  Journal                  = {{J. Phys. G: Nucl. Part. Phys.}},
  Year                     = {1994},
  Pages                    = {1267},
  Volume                   = {20}
}

@Article{braun04nr2,
  Title                    = {Hadronic and electromagnetic fragmentation of ultrarelativistic heavy ions at LHC},
  Author                   = {H. H. Braun \textit{et al.}},
  Journal                  = {Elsevier preprint},
  Year                     = {2004}
}

@Article{molson12,
  Title                    = {{MOABC3}},
  Author                   = {J. Molson \textit{et al.}},
  Journal                  = {{Proceedings of ICAP12}},
  Year                     = {2012}
}

@Article{cham03,
  Title                    = {Ions in the LHC ring},
  Author                   = {J. M. Jowett \textit{et al.}},
  Journal                  = {Proceedings of the LHC Performance Workshop, Chamonix XII},
  Year                     = {2003}
}

@Article{wenninger11_betaStarStatus,
  Title                    = {{$\beta^*=1$ m status}},
  Author                   = {J. Wenninger \textit{et al.}},
  Journal                  = {presentation in the LMC meeting 2011.08.31, CERN, Switzerland},
  Year                     = {2011}
}

@Article{ding97,
  Author                   = {L.K. Ding \textit{et al.}},
  Journal                  = {{The astrophysical Journal}},
  Year                     = {1997},
  Pages                    = {490},
  Volume                   = {474}
}

@Article{luigi_japan_14,
  Title                    = {Energy deposition for {HL-LHC} v1.1: {TAN/D2}/Matching Section and crab cavities},
  Author                   = {L. Esposito \textit{et al.}},
  Journal                  = {Presentation at the 4th Joint HiLumi LHC-LARP Annual Meeting, Tsukuba, Japan},
  Year                     = {2014},

  Owner                    = {roderik},
  Timestamp                = {2015.03.18}
}

@Article{giovannozzi10apertures,
  Author                   = {M. Giovannozzi \textit{et al.}},
  Journal                  = {To be published.},
  Year                     = {2010}
}

@Article{hermes15_cwg_aperture,
  Title                    = {{Status of aperture measurements}},
  Author                   = {{P. Hermes \textit{et al.}}},
  Journal                  = {{presentation in the LHC Collimation Working Group, 2015.06.08}},
  Year                     = {2015}
}

@Article{assmann11_collimation_review,
  Title                    = {{Proton beam performance with and without IR3 upgrade}},
  Author                   = {R.W. Assmann \textit{et al.}},
  Journal                  = {{presentation in the LHC Collimation Review 2011}},
  Year                     = {2011}
}

@Article{bruce16_HB,
  Title                    = {{LHC Run 2: Results and challenges}},
  Author                   = {R. Bruce \textit{et al.}},
  Journal                  = {Proceedings of the 57th ICFA Advanced Beam Dynamics Workshop on High-Intensity and High-Brightness Hadron Beams, Malmo, Sweden},
  Year                     = {2016}
}


@Article{kwee15_backgroundTCT5,
  Title                    = {Beam Induced Background Studies in {IR1} with the New {HL-LHC} Layout},
  Author                   = {R. Kwee \textit{et al.}},
  Journal                  = {Proceedings of the International Particle Accelerator Conference 2015, Richmond, VA, USA},
  Year                     = {2015}
}


@Article{papotti16_ipac_UFOs,
  Title                    = {{Macroparticle-induced losses during 6.5 TeV LHC operation}},
  Author                   = {G. Papotti \textit{et al.}},
  Journal                  = {Proceedings of the International Particle Accelerator Conference 2016, Busan, Korea},
  Year                     = {2016},
  Pages                    = {1481}
}

@Article{fraser16_ipac,
  Title                    = {A beam-based measurement of the {LHC} beam dump kicker waveform},
  Author                   = {M.A. Fraser and W. Bartmann and C. Bracco and E. Carlier and B. Goddard and V. Kain and N. Magnin and J. Uythoven and F.M. Velotti},
  Journal                  = {Proceedings of the International Particle Accelerator Conference 2016, Busan, Korea},
  Year                     = {2016},
  Pages                    = {3911}
}


@Article{lasheen16_ipac_sps,
  Title                    = {{Effect of the various impedances on longitudinal beam stability in the CERN SPS}},
  Author                   = {A. Lasheen T. Argyropoulos and J. Repond and E. Shaposhnikova},
  Journal                  = {Proceedings of the International Particle Accelerator Conference 2016, Busan, Korea},
  Year                     = {2016},
  Pages                    = {1666}
}

@Article{shaposhnikova16_ipac_sps,
  Title                    = {{Removing known SPS intensity limitations for high luminosity LHC goals}},
  Author                   = {E. Shaposhnikova and T. Argyropoulos and T. Bohl,A. Lasheen and J. Perez Espinos and J. Repond and B. Salvant,P. Cruikshank and B. Goddard and T. Kaltenbacher, C. Vollinger},
  Journal                  = {Proceedings of the International Particle Accelerator Conference 2016, Busan, Korea},
  Year                     = {2016},
  Pages                    = {989}
}

@Article{crouch16_ipac,
  Title                    = {{Impact of Long Range Beam-Beam Effects on Intensity and Luminosity Lifetimes from the 2015 LHC Run}},
  Author                   = {M.P. Crouch and R.B. Appleby and D. Banfi and J. Barranco and R. Bruce and X. Buffat and B.D. Muratori and T. Pieloni and M. Pojer and B. Salvachua and C. Tambasco and G. Trad},
  Journal                  = {Proceedings of the International Particle Accelerator Conference 2016, Busan, Korea},
  Year                     = {2016},
  Pages                    = {1422}
}


@Article{jowett16_ipac,
  Title                    = {{The 2015 heavy-ion run of the LHC}},
  Author                   = {J.M. Jowett and M. Schaumann†  and R. Alemany and R. Bruce and M. Giovannozzi and P. Hermes and W. Hofle and M. Lamont and T. Mertens and S. Redaelli and J. Uythoven and J. Wenninger},
  Journal                  = {Proceedings of the International Particle Accelerator Conference 2016, Busan, Korea},
  Year                     = {2016},
  Pages                    = {1493}
}


@Article{jowett16_ipac_bfpp,
  Title                    = {{Bound-free pair production in LHC Pb-Pb operation at 6.37 Z TeV per beam}},
  Author                   = {J.M. Jowett and M. Schaumann†  and B. Auchmann and C. Bahamonde Castro and M. Kalliokoski and A. Lechner and T. Mertens and C. Xu},
  Journal                  = {Proceedings of the International Particle Accelerator Conference 2016, Busan, Korea},
  Year                     = {2016},
  Pages                    = {1497}
}

@Article{bahamonde16_ipac_bfpp,
  Title                    = {{Power Deposition in LHC Magnets Due to Bound-Free Pair Production in the Experimental Insertions}},
  Author                   = {C. Bahamonde Castro and B. Auchmann and M. I. Besana and K. Brodzinski and R. Bruce and F. Cerutti and J. M. Jowett and A. Lechner and T. Mertens and V. Parma and S. Redaelli and M. Schaumann and N. V. Shetty and E. Skordis and G. E. Steele and R. Van Weelderen},
  Journal                  = {Proceedings of the International Particle Accelerator Conference 2016, Busan, Korea},
  Year                     = {2016},
  Pages                    = {1418}
}


@Article{hermes16_ipac_aperture,
  Title                    = {{Improved Aperture Measurements at the LHC and Results from their Application in 2015}},
  Author                   = {P.D. Hermes and R. Bruce and M. Fiascaris and H. Garcia and M. Giovannozzi and R. Kwee-Hinzmann and A. Mereghetti and D. Mirarchi and E. Quaranta and S. Redaelli and B. Salvachua and G. Valentino},
  Journal                  = {Proceedings of the International Particle Accelerator Conference 2016, Busan, Korea},
  Year                     = {2016},
  Pages                    = {1446}
}

@Article{quaranta15_ipac_TCTdamage,
  Title                    = {{Updated simulation studies of damage limit of LHC tertiary collimators}},
  Author                   = {E. Quaranta  and A. Bertarelli and R. Bruce and F. Carra and F. Cerutti and P. Gradassi and A. Lechner and S. Redaelli and E. Skordis},
  Journal                  = {Proceedings of the International Particle Accelerator Conference 2015, Richmond, VA, USA},
  Year                     = {2015},
  Pages                    = {2053}
}

@Article{ipac11_veness,
  Title                    = {{Specification of New Vacuum Chambers for the LHC Experimental Interactions}},
  Author                   = {R. Veness \textit{et al.}},
  Journal                  = {Proceedings of IPAC’11, San Sebastian, Spain},
  Year                     = {2011}
}

@Article{phenix,
  Title                    = {{PHENIX} detector overview},
  Author                   = {K. Adcox \textit{et al}},
  Journal                  = {Nucl. Instrum. Methods Phys. Res., Sect. A},
  Year                     = {2003},
  Pages                    = {469},
  Volume                   = {499}
}

@Article{star,
  Title                    = {{STAR} detector overview},
  Author                   = {K. Ackermann \textit{et al}},
  Journal                  = {Nucl. Instrum. Methods Phys. Res., Sect. A},
  Year                     = {2003},
  Pages                    = {624},
  Volume                   = {499}
}

@Article{bertarelli13MPP,
  Title                    = {{Updated robustness limits for collimator materials}},
  Author                   = {{A. Bertarelli \textit{et al.}}},
  Journal                  = {MPP Workshop March 2013, Annecy, France},
  Year                     = {2013}
}

@Article{butterworth14_cham,
  Title                    = {{ADT and RF after LS1}},
  Author                   = {{A. Butterworth \textit{et al.}}},
  Journal                  = {Proceedings of the LHC Performance Workshop (Chamonix 2014), Chamonix, France},
  Year                     = {2014}
}

@Article{verweij14_cham,
  Title                    = {Solved and remaining non-conformities in the Superconducting Circuits},
  Author                   = {A. Verweij},
  Journal                  = {Proceedings of the LHC Performance Workshop (Chamonix 2014), Chamonix, France},
  Year                     = {2014}
}

@Article{salvant14_cham,
  Title                    = {{Expected impact of hardware changes on impedance and beam induced heating during run 2}},
  Author                   = {{B. Salvant \textit{et al.}}},
  Journal                  = {Proceedings of the LHC Performance Workshop (Chamonix 2014), Chamonix, France},
  Year                     = {2014}
}


@Article{salvachua14_cham,
  Title                    = {{Machine protection strategy for LHC commissioning and outlook for future challenges}},
  Author                   = {{B. Salvachua \textit{et al.}}},
  Journal                  = {Proceedings of the LHC Performance Workshop (Chamonix 2014), Chamonix, France},
  Year                     = {2014}
}

@Article{drees07,
  Title                    = {{Summary of the RHIC performance during the FY07 heavy ion run}},
  Author                   = {{A. Drees \textit{et al.}}},
  Journal                  = {Proc. of the Particle Accelerator Conf. 2007, Albuquerque, New Mexico, USA},
  Year                     = {2007},
  Pages                    = {722}
}

@Article{drees03,
  Title                    = {{Results from Vernier scans at RHIC during the pp run 2001-2002}},
  Author                   = {{A. Drees \textit{et al.}}},
  Journal                  = {Proc. of the Particle Accelerator Conf. 2003, Portland},
  Year                     = {2003},
  Pages                    = {1688}
}

@Article{fluka2,
  Title                    = {The physics models of {FLUKA}: status and recent developments},
  Author                   = {{A. Fasso \textit{et al.}}},
  Journal                  = {Proc. of the Computing in High Energy and Nuclear Physics 2003 Conf., La Jolla},
  Year                     = {2003}
}

@Article{ferarri96,
  Title                    = {The Physics of High Energy Reactions},
  Author                   = {{A. Ferrari and P.R. Sala}},
  Journal                  = {Workshop on Nuclear Reaction Data and Nuclear Reactors, Miramare-Trieste, Italy},
  Year                     = {1996}
}

@Article{lechner14_biq,
  Title                    = {{Particle shower simulations for LHC quench tests: methodology, challenges and selected results}},
  Author                   = {{A. Lechner \textit{et al}.}},
  Journal                  = {Proceedings of the Workshop on Beam-Induced Quenches, CERN, Geneva, Switzerland},
  Year                     = {2014}
}

@Article{ipac14_aurelien,
  Author                   = {{A. Marsili \textit{et al.}}},
  Journal                  = {These proceedings}
}

@Article{mereghetti13_ipac,
  Title                    = {{Sixtrack-FLUKA active coupling for the upgrade of the SPS scrapers}},
  Author                   = {{A. Mereghetti \textit{et al.}}},
  Journal                  = {Proceedings of the International Particle Accelerator Conference 2013, Shanghai, China},
  Year                     = {2013},
  Pages                    = {2657}
}

@Article{freddy13_ipac,
  Title                    = {{The First Long Shutdown (LS1) for the LHC}},
  Author                   = {{F. Bordry \textit{et al.}}},
  Journal                  = {Proceedings of the International Particle Accelerator Conference 2013, Shanghai, China},
  Year                     = {2013},
  Pages                    = {44}
}

@article{lamont12,
  author={Mike Lamont},
  title={{Status of the LHC}},
  journal={Journal of Physics: Conference Series},
  volume={455},
  number={1},
  pages={012001},
  year={2013}
}


@Article{lebrun09,
  Title                    = {{Report of the Task Force on the incident of 19 September 2008 at the LHC}},
  Author                   = {{P. Lebrun \textit{et al.}}},
  Journal                  = {CERN LHC Project Report 1168},
  Year                     = {2009},
}

@Article{mounet13_ipac,
  Title                    = {{Sixtrack-FLUKA active coupling for the upgrade of the SPS scrapers}},
  Author                   = {N. Mounet and R. Bruce and E. Metral and S. Redaelli and B. Salvachua and B. Salvant and G. Valentino},
  Journal                  = {Proceedings of the International Particle Accelerator Conference 2013, Shanghai, China},
  Year                     = {2013},
  Pages                    = {1817}
}

@Article{verweiCollReview2013,
  Title                    = {Quench limits},
  Author                   = {{A. Verwei \textit{et al.}}},
  Journal                  = {Presentation in the LHC collimation review 2013},
  Year                     = {2013}
}

@Misc{bruce15_LBS,
  Title                    = {Background MD for $\beta^*$=40 cm},
  Author                   = {{R. Bruce \textit{et al.}}},
  HowPublished             = {Presentation in the LHC Background Study Group: LBS \#69, \url{https://indico.cern.ch/event/346525/}},
  Year                     = {2015},
  
}


@Article{verweij14_biq,
  Title                    = {{Electro-thermal simulations of superconductors in case of beam losses}},
  Author                   = {{A. Verweij \textit{et al}.}},
  Journal                  = {Proceedings of the Workshop on Beam-Induced Quenches, CERN, Geneva, Switzerland},
  Year                     = {2014}
}

@Book{handbook98,
  Title                    = {{Handbook of Accelerator Physics and Engineering}},
  Author                   = {{A.W. Chao, M. Tigner (editors)}},
  Publisher                = {World Scientific},
  Year                     = {1998}
}

@Article{adler01,
  Title                    = {The RHIC zero degree calorimeters},
  Author                   = {C. Adler and A. Denisov and E. Garcia and M. Murray and H. Stroebele and S. White},
  Journal                  = {Nucl. Instrum. Methods Phys. Res., Sect. A},
  Year                     = {2001},
  Number                   = {3},
  Pages                    = {488 - 499},
  Volume                   = {470},

  Doi                      = {DOI: 10.1016/S0168-9002(01)00627-1},
  ISSN                     = {0168-9002},
  Keywords                 = {Heavy ions}
}

@Article{agosteo01,
  Title                    = {Neutron measurements around a beam dump bombarded by high energy protons and lead ions},
  Author                   = {S. Agosteo and C. Birattarib and A. Foglio Para and M. Silari and L. Ulrici},
  Journal                  = {Nucl. Inst. \& Methods A},
  Year                     = {2001},
  Pages                    = {58},
  Volume                   = {459}
}

@Article{aiba08,
  Title                    = {Optics flexibility in the {LHC} at top energy},
  Author                   = {M. Aiba and H. Burkhardt and S. Fartoukh and M. Giovannozzi and S. White},
  Journal                  = {Proc. of the European Particle Accelerator Conf. 2008, Genoa, Italy},
  Year                     = {2008},
  Pages                    = {2524}
}

@Article{tomas09prstab,
  Title                    = {First $\beta$-beating measurement and optics analysis for the CERN Large Hadron Collider},
  Author                   = {Aiba, M. and Fartoukh, S. and Franchi, A. and Giovannozzi, M. and Kain, V. and Lamont, M. and Tom\'as, R. and Vanbavinckhove, G. and Wenninger, J. and Zimmermann, F. and Calaga, R. and Morita, A.},
  Journal                  = {Phys. Rev. ST Accel. Beams},
  Year                     = {2009},
  Pages                    = {081002},
  Volume                   = {12},

  Issue                    = {8},
  Numpages                 = {8},
  Publisher                = {American Physical Society}
}

@Article{bbackgrWorkshop08,
  Title                    = {{Proc. of the LHC Workshop on Experimental Conditions and Beam-Induced Detector Backgrounds, CERN, Geneva, Switzerland, April 2008}},
  Author                   = {R. Alemany-Fernandez and H. Burkhardt and M. Ferro-Luzzi and M. Lamont and A. Macpherson and {S.~Redaelli (editors)}},
  Journal                  = {CERN-2009-003},
  Year                     = {2009}
}

@Article{goddard04,
      author        = "Goddard, B and Gyr, Marcel and Jeanneret, J B and Kain, V
                       and Lamont, M and Maire, V and Mertens, V and Wenninger, J",
      title         = "{Aperture and Delivery Precision of the LHC Injection System}",
      year          = "2004",
      journal       = "LHC-Project-Report-753",
      url           = "https://cds.cern.ch/record/789784"
}


@Article{alice,
  Title                    = {ALICE: Physics Performance Report, Volume I},
  Author                   = {{ALICE Collaboration: F. Carminati} and P Foka and P Giubellino and A Morsch and G Paic and J-P Revol and K Safarik and Y Schutz and {U. A. Wiedemann (editors)}},
  Journal                  = {Journal of Physics G: Nuclear and Particle Physics},
  Year                     = {2004},
  Number                   = {11},
  Pages                    = {1517-1763},
  Volume                   = {30}
}

@Book{ashcroft,
  Title                    = {Solid State Physics},
  Author                   = {N. W. Ashcroft and N. D. Mermin},
  Publisher                = {Brooks Cole},
  Year                     = {1976}
}

@Article{assmann10MPP,
  Title                    = {Collimation},
  Author                   = {R.W. Assmann},
  Journal                  = {presentation in the LHC Internal Machine Protection Review},
  Year                     = {2010}
}

@Article{assmannLHCCWG,
  Author                   = {R.W. Assmann},
  Journal                  = {presentation in the LHC Beam Commissioning Working Group meeting. To be published.},
  Year                     = {2010}
}

@Article{assmann03chamonix,
  Title                    = {Collimators and cleaning: could this limit the {LHC} performance?},
  Author                   = {R.W. Assmann},
  Journal                  = {Proceedings of the LHC Performance Workshop, Chamonix XII},
  Year                     = {2003}
}

@Article{assmann09,
  Title                    = {Accelerator physics concept for upgraded lhc collimation performance},
  Author                   = {R.W.~Assmann and G. Bellodi and J.M. Jowett and E. Metral and T. Weiler and T. Markiewicz and L. Keller},
  Journal                  = {submitted to the Particle Accelerator Conf. 2009, Vancouver, Canada},
  Year                     = {2009}
}

@Article{assmann11_quenchtestMD,
  Title                    = {{Collimator losses in the DS of IR7 and quench test at 3.5 TeV}},
  Author                   = {R.W. Assmann and R. Bruce and F. Burkart and M. Cauchi and D. Deboy and B. Dehning and R. Giachino and E.B. Holzer and L. Lari and A. MacPherson and E. Nebot del Busto and M. Pojer and A. Priebe and S. Redaelli and A. Rossi and R. Schmidt and M. Sapinski and M. Solfaroli Camollocci and R. Suykerbuyk and G. Valentino and J. Uythoven and J. Wenninger and D. Wollmann and M. Zerlauth},
  Journal                  = {CERN-ATS-Note-2011-042 MD},
  Year                     = {2011}
}

@Article{assmann11tightMD,
  Title                    = {{Summary of MD on nominal collimator settings}},
  Author                   = {R.W. Assmann and R. Bruce and F. Burkart and M. Cauchi and D. Deboy and L. Lari and E. Metral and N. Mounet and S. Redaelli and A. Rossi and B. Salvant and G. Valentino and D. Wollmann},
  Journal                  = {CERN-ATS-Note-2011-036 MD},
  Year                     = {2011}
}

@Article{assmann11tightMD3,
  Title                    = {{Tests of tight collimator settings in the LHC}},
  Author                   = {R.W. Assmann and R. Bruce and F. Burkart and M. Cauchi and D. Deboy and L. Lari and S. Redaelli and A. Rossi and B. Salvachua and G. Valentino and D. Wollmann},
  Journal                  = {CERN-ATS-Note-2012-022 MD},
  Year                     = {2012}
}

@Article{assmann11tightMD2,
  Title                    = {{Tight collimator settings with $\beta^*=1.0$~m}},
  Author                   = {R.W. Assmann and R. Bruce and F. Burkart and M. Cauchi and D. Deboy and L. Lari and S. Redaelli and A. Rossi and G. Valentino and D. Wollmann},
  Journal                  = {CERN-ATS-Note-2011-079 MD},
  Year                     = {2011}
}

@Article{assmann11tightEOF,
  Title                    = {{End-of-fill study on collimator tight settings}},
  Author                   = {R.W. Assmann and R. Bruce and F. Burkart and M. Cauchi and D. Deboy and S. Redaelli and R. Schmidt and A. Rossi and G. Valentino and D. Wollmann},
  Journal                  = {CERN-ATS-Note-2011-125 MD},
  Year                     = {2011}
}

@Article{ipac11_assmann_aperture,
  Title                    = {{Aperture Determination in the LHC Based on an Emittance Blowup Technique with Collimator Position Scan}},
  Author                   = {R.W. Assmann and R. Bruce and M. del Carmen Alabau and M. Giovannozzi and G.J. Mueller and S. Redaelli and F. Schmidt and R. Tomas and J. Wenninger and D. Wollmann},
  Journal                  = {Proceedings of IPAC’11, San Sebastian, Spain},
  Year                     = {2011},
  Pages                    = {1810}
}

@Article{redaelli12_squeeze1m,
  Title                    = {Commissioning of the betatron squeeze to 1 m in {IR1} and {IR5}},
  Author                   = {Assmann, R. and Bruce, R. and Giovannozzi, M. and Lamont, M. and Maclean, E. and Miyamoto, R. and Mueller, G. and Papotti, G. and Ponce, L. and Redaelli, S and Wenninger, J},
  Journal                  = {CERN-ATS-Note-2012-005 MD},
  Year                     = {2012}
}

@Article{assmann02dump,
  Title                    = {The Consequences of Abnormal Beam Dump Actions on the {LHC} Collimation System},
  Author                   = {R.W. Assmann and B. Goddard and E. Vossenberg and E. Weisse},
  Journal                  = {LHC Project Note 293, CERN},
  Year                     = {1996}
}

@Article{assmann02,
  Title                    = {Equilibrium Beam Distribution and Halo in the {LHC}},
  Author                   = {R. Assmann and F. Schmidt and F. Zimmermann},
  Journal                  = {Proc. of the European Particle Accelerator Conf. 2002, Paris, France},
  Year                     = {2002},
  Pages                    = {1326}
}

@Article{aste08,
  Title                    = {Bound-free pair production cross-section in heavy-ion colliders from the equivalent photon approach},
  Author                   = {A. Aste},
  Journal                  = {EPL (Europhysics Letters)},
  Year                     = {2008},
  Number                   = {6},
  Pages                    = {61001 (4pp)},
  Volume                   = {81},

  Abstract                 = {Exact calculations of the electron-positron pair production by a single photon in the Coulomb field of a nucleus with simultaneous capture of the electron into the K-shell are discussed for different nuclear charges. Using the equivalent photon method of Weizsacker and Williams, a simple expression for the bound-free production of e+e[?] pairs by colliding very-high-energy fully stripped heavy ions is derived for nuclei of arbitrary charge.}
}

@Article{ATLAS_JINST_13,
  Title                    = {{Characterisation and mitigation of beam-induced backgrounds observed in the ATLAS detector during the 2011 proton-proton run}},
  Author                   = {{ATLAS Collaboration}},
  Journal                  = {Journal of Instrumentation},
  Year                     = {2013},
  Number                   = {07},
  Pages                    = {P07004},
  Volume                   = {8},
  Url                      = {http://stacks.iop.org/1748-0221/8/i=07/a=P07004}
}

@Article{ATLAS_JINST_15,
  title={{Beam-induced and cosmic-ray backgrounds observed in the ATLAS detector during the LHC 2012 proton-proton running period}},
  Author                   = {{ATLAS Collaboration}},
  journal={Journal of Instrumentation},
  volume={11},
  number={05},
  pages={P05013},
  url={http://stacks.iop.org/1748-0221/11/i=05/a=P05013},
  year={2016}
}
	

@Article{atlas,
  Title                    = {The {ATLAS} Experiment at the {CERN Large Hadron Collider}},
  Author                   = {{ATLAS Collaboration}},
  Journal                  = {JINST},
  Year                     = {2008},
  Pages                    = {S08003},
  Volume                   = {3}
}

@Article{azhgirey04,
  Title                    = {{Machine induced background in the high luminosity experimental insertion of the LHC project}},
  Author                   = {I. Azhgirey and I. Baishev and V. Talanov and K.M. Potter},
  Journal                  = {Proc. of the European Particle Accelerator Conf. 2004, Lucerne, Switzerland},
  Year                     = {2004},
  Pages                    = {755}
}

@Article{auchmann14_cham,
  Title                    = {{BLM Threshold Strategy (vs UFOs and Quenches)}},
  Author                   = {{B. Auchmann \textit{et al.}}},
  Journal                  = {Proceedings of the LHC Performance Workshop (Chamonix 2014), Chamonix, France},
  Year                     = {2014}
}

@Article{kain09_cham,
  Title                    = {{Beam-induced damage -- what is safe beam?}},
  Author                   = {{V. Kain \textit{et al.}}},
  Journal                  = {Proceedings of the 2009 Chamonix workshop on LHC performance, Chamonix, France},
  Year                     = {2009}
}

@Article{salvachua14_quenchtestMD,
  Title                    = {{Collimation quench test with 4 TeV proton beams}},
  Author                   = {B.Salvachua and R.Bruce and M.Cauchi and D.Deboy and W.Hofle and E.B.Holzer and D.Jacquet and L.Lari and E.Nebot and D.Mirarchi and E.Quaranta and S.Redaelli and M.Sapinski and R.Schmidt and G.Valentino and D.Valuch and J.Wenniger and D.Wollmann and M.Zerlauth},
  Journal                  = {CERN-ACC-NOTE-2014-0036},
  Year                     = {2014}
}

@Article{huhtinen16_ATLAS_conf_note,
  Title                    = {{Beam backgrounds in the ATLAS detector during LHC loss map tests at $\beta^*=40$~cm and $\beta^*=80$~cm at $E_\mathrm{beam}$=6.5~TeV}},
  Author                   = {{ATLAS collaboration}},
  Journal                  = {ATLAS-CONF-NOTE-XXX},
  Year                     = {2016}
}

@Article{liu_TDR,
  Title                    = {{LHC Injectors Upgrade, Technical Design Report, Vol. I: Protons}},
  Author                   = {J. Coupard and H. Damerau and A. Funken and R. Garoby and S. Gilardoni and B. Goddard and K. Hanke and A. Lombardi and D. Manglunki and M. Meddahi and B. Mikulec and G. Rumolo and E. Shaposhnikova and {M. Vretenar (editors)}},
  Journal                  = {CERN-ACC-2014-0337},
  Year                     = {2014}
}


@Article{liu_TDR_short,
  Title                    = {{LHC Injectors Upgrade, Technical Design Report, Vol. I: Protons}},
  Author                   = {{J. Coupard \textit{et al.} (editors)}},
  Journal                  = {CERN-ACC-2014-0337},
  Year                     = {2014}
}

@Article{garoby85,
  Title                    = {{New RF Exercises Envisaged in the CERN PS for the Antiprotons Production Beam of the ACOL Machine}},
  Author                   = {R. Garoby},
  Journal                  = {IEEE Transactions on Nuclear Science},
  Volume                   = {NS-32},
  Number		   = {5},
  Year                     = {1985}
}

@Article{ipac12_baer,
  Title                    = {{LHC orbit correction reproducibility and related machine protection}},
  Author                   = {T. Baer and K. Fuchsberger and R. Schmidt and J. Wenninger},
  Journal                  = {Proceedings of IPAC12, New Orleans, Louisiana, USA},
  Year                     = {2012},
  Pages                    = {3746}
}

@Article{baltz08,
  Title                    = {The physics of ultraperipheral collisions at the {LHC}},
  Author                   = {A.J. Baltz and G. Baur and D. d'Enterria and L. Frankfurt and F. Gelis and V. Guzey and K. Hencken and Yu. Kharlov and M. Klasen and S.R. Klein and V. Nikulin and J. Nystrand and I.A. Pshenichnov and S. Sadovsky and E. Scapparone and J. Seger and M. Strikman and M. Tverskoy and R. Vogt and S.N. White and U.A. Wiedemann and P. Yepes and M. Zhalov},
  Journal                  = {Physics Reports},
  Year                     = {2008},
  Number                   = {1-3},
  Pages                    = {1 - 171},
  Volume                   = {458},

  Doi                      = {DOI: 10.1016/j.physrep.2007.12.001},
  ISSN                     = {0370-1573}
}

@Article{baltz99,
  Title                    = {Coherent heavy ion reactions},
  Author                   = {A. J. Baltz},
  Journal                  = {BNL-66644},
  Year                     = {1999}
}

@Article{baltz98,
  Title                    = {Correlated forward-backward dissociation and neutron spectra as a luminosity monitor in heavy-ion colliders},
  Author                   = {A. J. Baltz and C. Chasman and S. N. White},
  Journal                  = {Nucl. Instrum. Methods Phys. Res., Sect. A},
  Year                     = {1998},
  Pages                    = {1},
  Volume                   = {417}
}

@Article{baltz96,
  Title                    = {Heavy-ion partial beam lifetimes due to Coulomb induced processes},
  Author                   = {A. J. Baltz and M. J. Rhoades-Brown and J. Weneser},
  Journal                  = {Phys.\ Rev. E},
  Year                     = {1996},
  Pages                    = {4233},
  Volume                   = {54}
}

@Article{bane02,
  Title                    = {Intrabeam scattering analysis of measurements at KEK's Accelerator Test Facility damping ring},
  Author                   = {Bane, K. L. F. and Hayano, H. and Kubo, K. and Naito, T. and Okugi, T. and Urakawa, J. },
  Journal                  = {Phys. Rev. ST Accel. Beams},
  Year                     = {2002},
  Number                   = {8},
  Pages                    = {084403},
  Volume                   = {5},

  Numpages                 = {8}
}

@Article{fluka2008,
  Title                    = {The {FLUKA} code: Description and benchmarking},
  Author                   = {G. Battistoni and S. Muraro and P. R. Sala and F. Cerutti and A. Ferrari and S. Roesler and A. Fasso and J. Ranft},
  Journal                  = {Hadronic Shower Simulation Workshop 2006, Fermilab 6--8 September 2006, AIP Conference Proceeding},
  Year                     = {2007},
  Pages                    = {31-49},
  Volume                   = {896}
}

@Article{baur98,
  Title                    = {Photon-photon physics in very peripheral collisions of relativistic heavy ions},
  Author                   = {G. Baur and K.~Hencken and D.~Trautmann},
  Journal                  = {J. Phys. G: Nucl. Part. Phys.},
  Year                     = {1998},
  Number                   = {1},
  Pages                    = {1657},
  Volume                   = {24}
}

@Article{belkacem93,
  Title                    = {Measurement of electron capture from electron-positron pair production in relativistic heavy ion collisions},
  Author                   = {Belkacem, A. and Gould, Harvey and Feinberg, B. and Bossingham, R. and Meyerhof, W. E.},
  Journal                  = {Phys. Rev. Lett.},
  Year                     = {1993},

  Month                    = {Sep},
  Number                   = {10},
  Pages                    = {1514--1517},
  Volume                   = {71},

  Doi                      = {10.1103/PhysRevLett.71.1514},
  Numpages                 = {3},
  Publisher                = {American Physical Society}
}

@Article{note402,
  Title                    = {Beam Loss Monitors for Heavy Ion Operation},
  Author                   = {G. Bellodi and H. H. Braun and R. Bruce and S. Gilardoni and J. M. Jowett},
  Journal                  = {LHC Project Note 402, CERN},
  Year                     = {2007}
}

@Article{lhcdesignV3,
  Title                    = {{LHC} design report v.3 : The {LHC} Injector Chain},
  Author                   = {M. Benedikt and P.~Collier and V.~Mertens and J.~Poole and {K.~Schindl (editors)}},
  Journal                  = {CERN-2004-003-V3},
  Year                     = {2004}
}

@Article{lhcdesignV1,
  Title                    = {{LHC} design report v.1 : The {LHC} main ring},
  Author                   = {O. S. Br{\"{u}}ning and P.~Collier and P.~Lebrun and S.~Myers and R.~Ostojic and J.~Poole and {P.~Proudlock (editors)}},
  Journal                  = {CERN-2004-003-V1},
  Year                     = {2004}
}

@Article{lhcdesignV1etal,
  Title                    = {{LHC} design report v.1 : The {LHC} main ring},
  Author                   = {{O. S. Br{\"{u}}ning \textit{et al.} (editors)}},
  Journal                  = {CERN-2004-003-V1},
  Year                     = {2004}
}

@Article{hl-lhc-prel-design,
  Title                    = {{High-Luminosity Large Hadron Collider (HL-LHC) : Preliminary Design Report}},
  Author                   = {G. Apollinari and I. Béjar Alonso and  O. Brüning and M. Lamont and {L. Rossi (editors)}},
  Journal                  = {CERN-2015-005},
  Year                     = {2015}
}

@Article{hl-lhc-prel-design_etal,
  Title                    = {{High-Luminosity Large Hadron Collider (HL-LHC) : Preliminary Design Report}},
  Author                   = {{G. Apollinari \textit{et al.} (editors)}},
  Journal                  = {CERN-2015-005},
  Year                     = {2015}
}

@Article{bertarelli05,
  Title                    = {{Mechanical design for robustness of the LHC collimators}},
  Author                   = {A.~Bertarelli and O.~Aberle and R. W.~Assmann and S.~Calatroni and A.~Dallocchio and T.~Kurtyka and M.~Mayer and R.~Perret and S.~Redaelli and G.~Robert-Demolaize},
  Journal                  = {Proc. of the Particle Accelerator Conf. 2005, Knoxville},
  Year                     = {2005},
  Pages                    = {913}
}

@Article{bertarelli11chamonix,
  Title                    = {{Limits for Beam-Induced Damage: Reckless or too Cautious?}},
  Author                   = {A. Bertarelli and V. Boccone and F. Carra and F. Cerutti and A. Dallocchio and N. Mariani and L. Peroni and M. Scapin},
  Journal                  = {Proceedings of the 2011 LHC Performance Workshop, Chamonix, France},
  Year                     = {2011}
}

@Article{bert05,
  Title                    = {Physics of Ultra-Peripheral Nuclear Collisions},
  Author                   = {C. A. Bertulani and S. R. Klein and J. Nystrand},
  Journal                  = {Ann. Rev. Nucl. Part. Sci.},
  Year                     = {2005},
  Pages                    = {271},
  Volume                   = {55}
}

@Article{bjorken83,
  Author                   = {J. Bjorken and S. Mtingwa},
  Journal                  = {Particle Accelerators},
  Year                     = {1983},
  Pages                    = {115},
  Volume                   = {13}
}

@Article{blaskiewicz05,
  Title                    = {Stochastic Cooling for Bunched Beams},
  Author                   = {M. Blaskiewicz},
  Journal                  = {Proc. of the Particle Accelerator Conf. 2003, Knoxville, Tennessee, USA},
  Year                     = {2005},
  Pages                    = {310}
}

@Article{blaskiewicz07,
  Title                    = {Bunched beam stochastic cooling in a collider},
  Author                   = {Blaskiewicz, M. and Brennan, J. M.},
  Journal                  = {Phys. Rev. ST Accel. Beams},
  Year                     = {2007},

  Month                    = {Jun},
  Number                   = {6},
  Pages                    = {061001},
  Volume                   = {10},

  Numpages                 = {6}
}

@Article{blaskiewicz-cool07,
  Title                    = {Bunched beam stochastic cooling simulations and comparison with data},
  Author                   = {M. Blaskiewicz and J. M. Brennan},
  Journal                  = {Proceedings of {COOL} 2007, Bad Kreuznach, Germany},
  Year                     = {2007},
  Pages                    = {125}
}

@Article{blaskiewicz08,
  Title                    = {Operational Stochastic Cooling in the Relativistic Heavy-Ion Collider},
  Author                   = {M. Blaskiewicz and J. M. Brennan and F. Severino},
  Journal                  = {Phys. Rev. Letters},
  Year                     = {2008},
  Number                   = {17},
  Pages                    = {174802},
  Volume                   = {100},

  Eid                      = {174802},
  Numpages                 = {4}
}

@Article{cerutti14,
  Title                    = {{Beam-machine interaction at the CERN LHC}},
  Author                   = {V. Boccone and R. Bruce and M. Brugger and M. Calviani and F. Cerutti and L.S. Esposito and A. Ferrari and A. Lechner and A. Mereghetti and E. Nowak and N.V. Shetty and E. Skordis and V. Vlachoudis},
  Journal                  = {Nuclear Data Sheets},
  Year                     = {2014},
  Pages                    = {215},
  Volume                   = {120}
}

@Article{bocian02,
  Title                    = {Quench limit model and measurement for steady state heat deposits in {LHC} magnets},
  Author                   = {D. Bocian and B. Dehning and A. Siemko},
  Journal                  = {accepted to be published in IEEE Appl. Trans. Supercond.},
  Year                     = {2009}
}

@Article{bocian04,
  Title                    = {Steady-state beam loss studies in the LHC superconducting magnets},
  Author                   = {D. Bocian and B. Dehning and A. Siemko},
  Journal                  = {to be published as LHC Project Note},
  Year                     = {2009}
}

@Article{bocian01,
  Title                    = {Modeling of Quench Limit for Steady State Heat Deposits in LHC Magnets},
  Author                   = {D. Bocian and B. Dehning and A. Siemko},
  Journal                  = {IEEE Appl. Trans. Supercond.},
  Year                     = {2008},

  Month                    = {June},
  Pages                    = {112-115},
  Volume                   = {18}
}

@Article{bocian03,
  Title                    = {Free void volume calculation and helium distribution in the LHC superconducting magnet cables},
  Author                   = {D. Bocian and C. Scheuerlein and A. Siemko},
  Journal                  = {to be published as LHC Project Note},
  Year                     = {2009},

  Month                    = {March}
}

@PhdThesis{chiara-thesis,
  Title                    = {{Commissioning Scenarios and Tests for the LHC Collimation System}},
  Author                   = {C. Bracco},
  School                   = {EPFL Lausanne},
  Year                     = {2008}
}

@PhdThesis{iadarola-thesis,
  Title                    = {{Electron cloud studies for CERN particle accelerators and simulation code development}},
  Author                   = {G. Iadarola},
  School                   = {University of Naples},
  Year                     = {2014}
}


@PhdThesis{baer-thesis,
  Title                    = {{Very fast losses of the circulating LHC beam, their mitigation and machine protection}},
  Author                   = {T. Baer},
  School                   = {Universit\"{a}t Hamburg},
  Year                     = {2013}
}


@PhdThesis{verena-thesis,
  Title                    = {{Machine Protection and Beam Quality during the LHC Injection Process}},
  Author                   = {V. Kain},
  School                   = {Vienna Tech. U.},
  Year                     = {2005}
}

@Article{morsch94,
  Title                    = {Luminosity Considerations for Different Ion Species},
  Author                   = {D. Brandt and K. Eggert and A. Morsch},
  Journal                  = {CERN SL/94-04 (AP)},
  Year                     = {1994}
}

@Article{bregliozzi12,
  Title                    = {Vacuum stability and residual gas density estimation for the vacuum chamber upgrade of the {ATLAS} interaction region of the Large Hadron Collider},
  Author                   = {G. Bregliozzi and G. Lanza and V. Baglin and J.M. Jimenez},
  Journal                  = {Vacuum},
  Year                     = {2012},
  Number                   = {11},
  Pages                    = {1682 - 1687},
  Volume                   = {86}
}

@Article{bruce15cwgBetaStar,
  Title                    = {{Update on possibilities to reach $\beta^*$=40cm}},
  Author                   = {R. Bruce},
  Journal                  = {presentation in the LHC Collimation Working Group, 2015.01.19},
  Year                     = {2015}
}

@Article{bruce15cwgBetaStarOct,
  Title                    = {{Status of collimation analysis for $\beta^*$=40cm}},
  Author                   = {R. Bruce},
  Journal                  = {presentation in the LHC Collimation Working Group, 2015.10.05},
  Year                     = {2015}
}

@Article{core-depletion,
  Title                    = {Emittance increase caused by core depletion in collisions},
  Author                   = {R. Bruce},
  Year                     = {2009},

  Eprint                   = {arXiv:0911.5627v1}
}

@Article{bruce14_chamonix,
  Title                    = {Baseline {LHC} machine parameters and configuration of the 2015 proton run},
  Author                   = {R. Bruce and G. Arduini and S. Fartoukh and M. Giovannozzi and M. Lamont and E. Metral and T. Pieloni and S. Redaelli and J. Wenninger},
  Journal                  = {Proceedings of the LHC Performance Workshop (Chamonix 2014), Chamonix, France},
  Year                     = {2014}
}

@Article{bruce11_evian,
  Title                    = {{LHC $\beta^*$-reach in 2012}},
  Author                   = {R. Bruce and R.W. Assmann},
  Journal                  = {Proceedings of the 2011 {LHC} beam operation workshop, Evian, France},
  Year                     = {2011}
}

@Article{bruce10_evian,
  Title                    = {{How low can we go? Getting below $\beta^*$=3.5 m}},
  Author                   = {R. Bruce and R.W. Assmann},
  Journal                  = {Proceedings of the 2010 {LHC} beam operation workshop, Evian, France},
  Year                     = {2010},
  Pages                    = {133}
}

@Article{bruce13_NIM_backgrounds,
  Title                    = {{Sources of machine-induced background in the ATLAS and CMS detectors at the CERN Large Hadron Collider}},
  Author                   = {R. Bruce and R.W. Assmann and V. Boccone and G. Bregliozzi and H. Burkhardt and F. Cerutti and A. Ferrari and M. Huhtinen and A. Lechner and Y. Levinsen and A. Mereghetti and N.V. Mokhov and I.S. Tropin and V. Vlachoudis},
  Journal                  = {Nucl. Instrum. Methods Phys. Res., Sect. A},
  Year                     = {2013},
  Number                   = {0},
  Pages                    = {825 - 840},
  Volume                   = {729},

  Doi                      = {10.1016/j.nima.2013.08.058}
}

@Article{ipac11_bruce_FLUKAIR15,
  Title                    = {{Machine-induced showers entering the ATLAS and CMS detectors in the LHC}},
  Author                   = {R. Bruce and and R.W. Assmann and V. Boccone and H. Burkhardt and F. Cerutti and A. Ferrari and M. Huhtinen and W.Kozanecki and Y. Levinsen and A. Mereghetti and N.V. Mokhov and A. Rossi and T. Weiler},
  Journal                  = {Proceedings of IPAC’11, San Sebastian, Spain},
  Year                     = {2011},
  Pages                    = {1825}
}


@Article{ipac11_baer,
  Title                    = {{UFOs in the LHC}},
  Author                   = { T. Baer and M. Barnes and B. Goddard and E. B. Holzer and J. M. Jimenez and A. Lechner and V. Mertens and E. Nebot and A. Nordt and J. Uythoven and B. Velghe and J. Wenninger and F. Zimmermann},
  Journal                  = {Proceedings of IPAC’11, San Sebastian, Spain},
  Year                     = {2011},
  Pages                    = {1347}
}

@Article{bruce11tightMD3,
  Title                    = {{Tight collimator settings}},
  Author                   = {R. Bruce and R.W. Assmann and F. Burkart and M. Cauchi and D. Deboy and S. Fartoukh and L. Lari and and S. Redaelli and A. Rossi and B. Salvachua and G. Valentino and D. Wollmann},
  Journal                  = {presentation given in the LHC Studies Working Group, 2011.12.08},
  Year                     = {2011}
}

@Article{mini-chamonix_bruce11,
  Title                    = {{$\beta^*$-reach and required collimation efficiency}},
  Author                   = {R. Bruce and R. Assmann and F. Burkart and M. Cauchi and D. Deboy and L. Lari and S. Redaelli and A. Rossi and G. Valentino and D. Wollmann},
  Journal                  = {Presentation in the Mini Chamonix Workshop 2011.07.15, Crozet, France},
  Year                     = {2011}
}

@Article{ipac11_bruce_betaStar,
  Title                    = {{Calculation method for safe $\beta^*$ in the LHC}},
  Author                   = {R. Bruce and R.W. Assmann and W. Herr and D. Wollmann},
  Journal                  = {Proceedings of IPAC’11, San Sebastian, Spain},
  Year                     = {2011},
  Pages                    = {1828}
}

@Article{bruce13MPP,
  Title                    = {{Collimator hierarchy limits: assumptions and impact on machine protection and performance}},
  Author                   = {R. Bruce and R.W. Assmann and L. Lari and S. Redaelli},
  Journal                  = {MPP Workshop March 2013, Annecy, France},
  Year                     = {2013}
}

@Article{ipac11_bruce_rampSqFuncs,
  Title                    = {{Principles for generation of time-dependent collimator settings during the LHC cycle}},
  Author                   = {R. Bruce and R.W. Assmann and S. Redaelli},
  Journal                  = {Proceedings of IPAC’11, San Sebastian, Spain},
  Year                     = {2011},
  Pages                    = {3753}
}

@Article{prstabSPS09,
  Title                    = {Measurements of heavy ion beam losses from collimation},
  Author                   = {Bruce, R. and Assmann, R. W. and Bellodi, G. and Bracco, C. and Braun, H. H. and Gilardoni, S. and Holzer, E. B. and Jowett, J. M. and Redaelli, S. and Weiler, T. },
  Journal                  = {Phys. Rev. ST Accel. Beams},
  Year                     = {2009},

  Month                    = {Jan},
  Number                   = {1},
  Pages                    = {011001},
  Volume                   = {12},

  Doi                      = {10.1103/PhysRevSTAB.12.011001},
  Numpages                 = {12},
  Publisher                = {American Physical Society}
}

@Article{bruce14_PRSTAB_sixtr,
  Title                    = {{Simulations and measurements of beam loss patterns at the CERN Large Hadron Collider}},
  Author                   = {Bruce, R. and Assmann, R. W. and Boccone, V. and Bracco, C. and Brugger, M. and Cauchi, M. and Cerutti, F. and Deboy, D. and Ferrari, A. and Lari, L. and Marsili, A. and Mereghetti, A. and Mirarchi, D. and Quaranta, E. and Redaelli, S. and Robert-Demolaize, G. and Rossi, A. and Salvachua, B. and Skordis, E. and Tambasco, C. and Valentino, G. and Weiler, T. and Vlachoudis, V. and Wollmann, D.},
  Journal                  = {Phys. Rev. ST Accel. Beams},
  Year                     = {2014},

  Month                    = {Aug},
  Pages                    = {081004},
  Volume                   = {17},

  Doi                      = {10.1103/PhysRevSTAB.17.081004},
  Issue                    = {8},
  Publisher                = {American Physical Society},
  Url                      = {http://link.aps.org/doi/10.1103/PhysRevSTAB.17.081004}
}

@Article{bruce15_PRSTAB_betaStar,
  Title                    = {{Calculations of safe collimator settings and ${\ensuremath{\beta}}^{*}$ at the CERN Large Hadron Collider}},
  Author                   = {Bruce, R. and Assmann, R. W. and Redaelli, S.},
  Journal                  = {Phys. Rev. ST Accel. Beams},
  Year                     = {2015},

  Month                    = {Jun},
  Pages                    = {061001},
  Volume                   = {18},

  Doi                      = {10.1103/PhysRevSTAB.18.061001},
  Issue                    = {6},
  Numpages                 = {16},
  Publisher                = {American Physical Society},
  Url                      = {http://link.aps.org/doi/10.1103/PhysRevSTAB.18.061001}
}

@Article{epac06,
  Title                    = {{Monitoring Heavy-Ion Beam Losses in the LHC}},
  Author                   = {R. Bruce and G.~Bellodi and H. H.~Braun and S.~Gilardoni and J. M.~Jowett},
  Journal                  = {Proc. of the European Particle Accelerator Conf. 2006, Edinburgh, Scotland},
  Year                     = {2006},
  Pages                    = {544}
}

@Article{prstabBFPP09,
  Title                    = {{Beam losses from ultraperipheral nuclear collisions between Pb ions in the Large Hadron Collider and their alleviation}},
  Author                   = {Bruce, R. and Bocian, D. and Gilardoni, S. and Jowett, J. M.},
  Journal                  = {Phys. Rev. ST Accel. Beams},
  Year                     = {2009},

  Month                    = {Jul},
  Number                   = {7},
  Pages                    = {071002},
  Volume                   = {12},

  Doi                      = {10.1103/PhysRevSTAB.12.071002},
  Numpages                 = {17},
  Publisher                = {American Physical Society}
}

@Article{bruce15_md_40cmTCT,
  Title                    = {{Collimation with tighter TCTs at $\beta^*$=40 cm}},
  Author                   = {R. Bruce and H. Garcia and P. Hermes and R. Kwee-Hinzmann and A. Mereghetti and D. Mirarchi and E. Quaranta and S. Redaelli and A. Valloni},
  Journal                  = {CERN-ACC-NOTE-2015-0036},
  Year                     = {2015}
}

@Article{schaumann16_md_BFPPquench,
  Title                    = {{LHC BFPP Quench Test with Ions (2015)}},
  Author                   = {M. Schaumann and R. Alemany and B. Auchmann and C. Bahamonde Castro and V. Chetvertkova and R. Giachino and J.M. Jowett and M. Kalliokoski and A. Lechner and T. Mertens and L. Ponce},
  Journal                  = {CERN-ACC-NOTE-2016-0024},
  Year                     = {2016}
}

@Article{langner15_md_40cmOptics,
  Title                    = {{LHC optics commissioning at $\beta^*$=40 cm and 60 cm}},
  Author                   = {A. Langner and F. Carlier and J. Coello de Portugal and A. Garcia-Tabares Valdivieso and E.H. Maclean and L. Malina and T.H.B. Persson and S. Monig and B. Salvachua Ferrando and P. Skowronski and R. Tomas and J. Wenninger},
  Journal                  = {CERN-ACC-NOTE-2015-0035},
  Year                     = {2015}
}


@Article{mereghetti15_md_IR7hierarchy,
  Title                    = {{$\beta^*$-reach – IR7 collimation hierarchy limit and impedance}},
  Author                   = {A. Mereghetti and N. Biancacci and R. Bruce and L. R. Carver and R. Kwee-Hinzmann and E. Metral and D. Mirarchi and E. Quaranta and S. Redaelli and A. Rossi and R. Rossi and B. Salvachua-Ferrando and B. Salvant and G. Valentino and A. Valloni},
  Journal                  = {CERN-ACC-NOTE-2016-0007},
  Year                     = {2015}
}

@Article{pieloni15_md_BB,
  Title                    = {{Long range beam-beam interaction and the effect on the beam and luminosity lifetimes}},
  Author                   = {Pieloni and T. and Barranco Garcia, J. and Banfi, D. and Buffat, X. and Tambasco, C. and Alexahin, Y. and Bruce, R. and Crouch, M. and Giachino, R. and Pojer, M. and Salvachua Ferrando, B. and Solfaroli Camillocci, M. and Trad, G.},
  Journal                  = {CERN-ACC-NOTE-2016-0019},
  Year                     = {2016}
}

CERN-ACC-NOTE-2016-0019
Title 	
Author(s) 	 (CERN) Hide

@Article{carver15_md_IR7impedance,
  Title                    = {{MD 755: Instability threshold and tune shift study with reduced retraction between primary and secondary collimators in IR7}},
  Author                   = {L.R. Carver and N. Biancacci and A. Mereghetti and R. Bruce and E. Metral and B. Salvant and D. Nisbet },
  Journal                  = {CERN-ACC-NOTE-2016-0005},
  Year                     = {2015}
}

@Article{note379,
  Title                    = {BFPP losses and quench limit for LHC magnets},
  Author                   = {R. Bruce and S. Gilardoni and J. M. Jowett},
  Journal                  = {LHC Project Note 379, CERN},
  Year                     = {2006}
}

@Article{hermes13_IR8aperture,
  Title                    = {{IR8} aperture measurements at injection energy},
  Author                   = {R. Bruce and M. Giovannozzi and P.D. Hermes and B. Holzer and A.A. Nosych and S. Redaelli and J. Wenninger},
  Journal                  = {CERN-ATS-Note-2013-026 MD},
  Year                     = {2013}
}

@Article{hermes13_IR2aperture,
  Title                    = {{IR2} aperture measurements at 4.0 {TeV}},
  Author                   = {R. Bruce and M. Giovannozzi and P.D. Hermes and S. Redaelli and J. Wenninger},
  Journal                  = {CERN-ACC-NOTE-2013-0011 MD},
  Year                     = {2013}
}

@Article{bruce15_md_40cmAper,
  Title                    = {{IR aperture measurement at $\beta^*$=40 cm}},
  Author                   = {R. Bruce and P. D. Hermes and H. Garcia and R. Kwee-Hinzmann and A. Mereghetti and D. Mirarchi and S. Redaelli and P. Skowronski and G. Valentino and A. Valloni},
  Journal                  = {CERN-ACC-NOTE-2015-0037},
  Year                     = {2015}
}

@Article{bruce10prstabCTE,
  Title                    = {Time evolution of the luminosity of colliding heavy-ion beams in BNL Relativistic Heavy Ion Collider and CERN Large Hadron Collider},
  Author                   = {Bruce, R. and Jowett, J. M. and Blaskiewicz, M. and Fischer, W.},
  Journal                  = {Phys. Rev. ST Accel. Beams},
  Year                     = {2010},

  Month                    = {Sep},
  Pages                    = {091001},
  Volume                   = {13},

  Doi                      = {10.1103/PhysRevSTAB.13.091001},
  Issue                    = {9},
  Numpages                 = {16},
  Publisher                = {American Physical Society}
}

@Article{prl07,
  Title                    = {Observations of Beam Losses Due to Bound-Free Pair Production in a Heavy-Ion Collider},
  Author                   = {R. Bruce and J. M.~Jowett and S.~Gilardoni and A.~Drees and W.~Fischer and S.~Tepikian and S. R.~Klein},
  Journal                  = {Phys. Rev. Letters},
  Year                     = {2007},
  Number                   = {14},
  Pages                    = {144801},
  Volume                   = {99}
}

@Article{hilumi13_5.4,
  Title                    = {Energy deposition simulations for upgraded collimation layouts},
  Author                   = {R. Bruce and A. Lechner and S. Redaelli},
  Journal                  = {CERN-ACC-2014-0009},
  Year                     = {2014}
}

@Article{hilumi13_5.3,
  Title                    = {Beam-halo simulations},
  Author                   = {R. Bruce and A. Lechner and S. Redaelli},
  Journal                  = {CERN-ACC-2013-008},
  Year                     = {2013}
}

@Article{bruce14_n1_ap_meas,
  Title                    = {Parameters for {HL-LHC} aperture calculations},
  Author                   = {R. Bruce and R. de Maria and S. Fartoukh and M. Giovannozzi and S. Redaelli and R. Tomas and J. Wenninger},
  Journal                  = {CERN Report CERN-ACC-2014-0044},
  Year                     = {2014}
}

@Article{bruce14ipac_DS_coll,
  Title                    = {{Cleaning Performance with 11T Dipoles and Local Dispersion Suppressor Collimation at the LHC}},
  Author                   = {R. Bruce and A. Marsili and S. Redaelli},
  Journal                  = {Proceedings of the International Particle Accelerator Conference 2014, Dresden, Germany},
  Year                     = {2014},
  Pages                    = {170}
}

@Article{kwee14ipac,
  Title                    = {{First Beam Background Simulation Studies at IR1 for High Luminosity LHC}},
  Author                   = {R. Kwee-Hinzmann and G. Bregliozzi and R. Bruce and F. Cerutti and L.S. Esposito and S.M. Gibson and R. Kersevan and A. Lechner and N.V. Shetty},
  Journal                  = {Proceedings of the International Particle Accelerator Conference 2014, Dresden, Germany},
  Year                     = {2014},
  Pages                    = {1074}
}

@Article{bruce14_evian,
  Title                    = {Collimation and $\beta^*$-reach},
  Author                   = {R. Bruce and S. Redaelli},
  Journal                  = {Proceedings of the 5th Evian Workshop, Evian, France},
  Year                     = {2014}
}

@Article{iadarola15_evian,
  Title                    = {Electron cloud effects},
  Author                   = {G. Iadarola and H. Bartosik and K. Li and L. Mether and A. Romano and G. Rumolo and M. Schenk},
  Journal                  = {Proceedings of the 6th Evian Workshop, Evian, France},
  Year                     = {2015}
}

@Article{levens15_evian,
  Title                    = {Instability diagnostics},
  Author                   = {T. Levens and A. Boccardi and A. Butterworth and L.R. Carver and G. Daniluk and M. Gasior and W. Höfle and O.R. Jones and G. Kotzian and T. Lefevre and J.C. Molendijk and M. Ojeda Sandonís and J. Serrano and F. Vaga and D. Valuch and T. Wlostowski}, 
  Journal                  = {Proceedings of the 6th Evian Workshop, Evian, France},
  Year                     = {2015}
}

@Article{apollonio15_evian,
  Title                    = {2015 availability summary},
  Author                   = {A. Apollonio and B. Auchmann and L. Ponce and C. Roderick and R. Schmidt and M. Solfaroli and B. Todd and D. Wollmann and M. Zerlauth},
  Journal                  = {Proceedings of the 6th Evian Workshop, Evian, France},
  Year                     = {2015}
}



@Article{auchmann15_evian,
  Title                    = {{How to survive a UFO attach}},
  Author                   = {B. Auchmann and J. Ghini and L. Grob and G. Iadarola and A. Lechner and G. Papotti},
  Journal                  = {Proceedings of the 6th Evian Workshop, Evian, France},
  Year                     = {2015}
}


@Article{pojer15_evian,
  Title                    = {{QPS operational aspects}},
  Author                   = {M. Pojer},
  Journal                  = {Proceedings of the 6th Evian Workshop, Evian, France},
  Year                     = {2015}
}


@Article{timko15_evian,
  Title                    = {{Operational and beam dynamics aspects of the RF system in 2015}},
  Author                   = {H. Timko and P. Baudrenghien and J. Esteban Müller and E. Shaposhnikova},
  Journal                  = {Proceedings of the 6th Evian Workshop, Evian, France},
  Year                     = {2015}
}

@Article{mirarchi15_evian,
  Title                    = {{LHC aperture and ULO restrictions: are they a possible limitation in 2016?}},
  Author                   = {D. Mirarchi and R. Bruce and M. Giovannozzi and P. Hermes and S. Redaelli and B. Salvachua and G. Valentino and J. Wenninger},
  Journal                  = {Proceedings of the 6th Evian Workshop, Evian, France},
  Year                     = {2015}
}


@Article{valentino15_evian,
  Title                    = {{Performance of the LHC collimation system during 2015}},
  Author                   = {G. Valentino and R. Bruce and M. Fiascaris and H. Garcia and P. Hermes and A. Mereghetti and D. Mirarchi and R. Kwee and S. Redaelli and E. Quaranta and A. Rossi and R. Rossi and B. Salvachua and P. Theodoropoulos and A. Valloni and J. Wagner},
  Journal                  = {Proceedings of the 6th Evian Workshop, Evian, France},
  Year                     = {2015}
}

@Article{bruce15_evian,
  Title                    = {{2016 LHC configuration: can we get to $\beta^*=40$ cm?}},
  Author                   = {R. Bruce and S. Redaelli},
  Journal                  = {Proceedings of the 6th Evian Workshop, Evian, France},
  Year                     = {2015}
}

@Article{kuhn15_evian,
  Title                    = {{LHC emittance growth until stable beams}},
  Author                   = {{M. Kuhn \textit{et al}.}},
  Journal                  = {Proceedings of the 6th Evian Workshop, Evian, France},
  Year                     = {2015}
}

@Article{langner15_evian,
  Title                    = {{Optics model}},
  Author                   = {{A. Langner \textit{et al}.}},
  Journal                  = {Proceedings of the 6th Evian Workshop, Evian, France},
  Year                     = {2015}
}

@Article{li15_evian,
  Title                    = {{How to fight collective effect limitations}},
  Author                   = {{K. Li \textit{et al}.}},
  Journal                  = {Proceedings of the 6th Evian Workshop, Evian, France},
  Year                     = {2015}
}

@Article{carver15_evian,
  Title                    = {{Instabilities and beam-induced heating in 2015}},
  Author                   = {{L. Carver \textit{et al}.}},
  Journal                  = {Proceedings of the 6th Evian Workshop, Evian, France},
  Year                     = {2015}
}

@Article{pieloni15_evian,
  Title                    = {{Beam-beam effects: long range and head-on}},
  Author                   = {{T. Pieloni \textit{et al}.}},
  Journal                  = {Proceedings of the 6th Evian Workshop, Evian, France},
  Year                     = {2015}
}

@Article{lechner15_evian,
  Title                    = {{TDI - past observations/limitations and improvements for 2016}},
  Author                   = {{A. Lechner \textit{et al}.}},
  Journal                  = {Proceedings of the 6th Evian Workshop, Evian, France},
  Year                     = {2015}
}

@Article{bruce_skordis_CWG13,
  Title                    = {{Predictive power of SixTrack+FLUKA: Comparison between simulated and measured loss maps}},
  Author                   = {R. Bruce and E. Skordis},
  Journal                  = {{presentation in the LHC Collimation Working Group, 2013.05.06}},
  Year                     = {2013}
}

@Article{bruce_ATS_CWG14,
  Title                    = {{Impact of ATS optics on TCT accident scenario}},
  Author                   = {R. Bruce},
  Journal                  = {{presentation in the LHC Collimation Working Group, 2014.06.13}},
  Year                     = {2014}
}

@Article{helmut13_ipac_1000m,
  Title                    = {Commissioning and operation at $\beta^*= 1000$ m in the {LHC}},
  Author                   = {H. Burkhardt and S. Cavalier and T. Persson and R. Tomas and J. Wenninger},
  Journal                  = {Proceedings of the International Particle Accelerator Conference 2013, Shanghai, China},
  Year                     = {2013},
  Pages                    = {1982},

  Owner                    = {roderik},
  Timestamp                = {2015.03.18}
}

@Article{helmut13_ipac_1000m_scraping,
  Title                    = {Collimation down to 2 sigma in special physics runs in the {LHC}},
  Author                   = {H. Burkhardt and S. Jakobsen and S. Redaelli and B. Salvachua and G. Valentino},
  Journal                  = {Proceedings of the International Particle Accelerator Conference 2013, Shanghai, China},
  Year                     = {2013},
  Pages                    = {1427},

  Owner                    = {roderik},
  Timestamp                = {2015.03.18}
}

@Article{scheidenberger04,
  Title                    = {Charge-changing interactions of ultrarelativistic Pb nuclei},
  Author                   = {{C. Scheidenberger \textit{et al.}}},
  Journal                  = {Phys. Rev. C},
  Year                     = {2004},
  Number                   = {1},
  Pages                    = {014902},
  Volume                   = {70},

  Numpages                 = {16}
}

@Article{claudia-paper,
  Title                    = {{Improved physics model for collimation tracking studies at LHC}},
  Author                   = {{C. Tambasco \textit{et al.}}},
  Journal                  = {Paper in preparation},
  Year                     = {2014}
}

@Article{bert02,
  Title                    = {Photon Exchange in Nucleus-Nucleus Collisions},
  Author                   = {{C.A. Bertulani}},
  Journal                  = {Int. Journal of Modern Physics},
  Year                     = {2002},
  Pages                    = {685},
  Volume                   = {18}
}

@Article{alice04,
  Title                    = {ALICE: Physics Performance Report, Volume I},
  Author                   = {F Carminati and P Foka and P Giubellino and A Morsch and G Paic and J-P Revol and K Safarik and Y Schutz and {U. A. Wiedemann (editors)}},
  Journal                  = {Journal of Physics G: Nuclear and Particle Physics},
  Year                     = {2004},
  Number                   = {11},
  Pages                    = {1517-1763},
  Volume                   = {30}
}

@Article{ipac11_cauchi,
  Title                    = {{Preliminary assessment of beam impact consequences on LHC collimators}},
  Author                   = {M. Cauchi and R. Assmann and A. Bertarelli and R. Bruce and F. Carra and A. Dallocchio and D. Deboy and L. Lari and N. Mariani and A. Rossi and N. Sammut},
  Journal                  = {Proceedings of IPAC11, San Sebastian, Spain},
  Year                     = {2011},
  Pages                    = {1617}
}

@Article{cerutti14CWG,
  Title                    = {{Collimator load and BLM response}},
  Author                   = {F. Cerutti},
  Journal                  = {{presentation in the LHC Collimation Working Group, 2014.08.25}},
  Year                     = {2014}
}

@Article{cerutti11cwg,
  Title                    = {{Considerations on warm magnet measured doses}},
  Author                   = {F. Cerutti},
  Journal                  = {presentation in the LHC Collimation Working Group, 2011.09.03.},
  Year                     = {2011}
}

@Article{chiu02,
  Title                    = {Measurement of Mutual Coulomb Dissociation in $sNN=130 GeV$ $Au+Au$ Collisions},
  Author                   = {Chiu, M. and Denisov, A. and Garcia, E. and Katzy, J. and Makeev, A. and Murray, M. and White, S.},
  Journal                  = {Phys. Rev. Lett.},
  Year                     = {2002},

  Month                    = {Jun},
  Number                   = {1},
  Pages                    = {012302},
  Volume                   = {89},

  Doi                      = {10.1103/PhysRevLett.89.012302},
  Numpages                 = {4},
  Publisher                = {American Physical Society}
}

@Article{cms,
  Title                    = {The {CMS} Experiment at the {CERN LHC}},
  Author                   = {{CMS Collaboration}},
  Journal                  = {JINST},
  Year                     = {2008},
  Pages                    = {S08004},
  Volume                   = {3}
}

@Article{brahms,
  Title                    = {The {BRAHMS} Experiment at {RHIC}},
  Author                   = {{BRAHMS} Collaboration},
  Journal                  = {Nucl. Instrum. Methods Phys. Res., Sect. A},
  Year                     = {2003},
  Pages                    = {437},
  Volume                   = {499}
}

@Article{phobos,
  Title                    = {The {PHOBOS} detector at {RHIC}},
  Author                   = {{PHOBOS} Collaboration},
  Journal                  = {Nucl. Instrum. Methods Phys. Res., Sect. A},
  Year                     = {2003},
  Pages                    = {603},
  Volume                   = {499}
}

@Article{atlas2015_backgrounds,
  Title                    = {Background in 2012 run},
  Author                   = {ATLAS Collaboration},
  Journal                  = {Paper in preparation},
  Year                     = {2015},

  Owner                    = {roderik},
  Timestamp                = {2015.03.18}
}

@Article{martini85,
  Title                    = {Intrabeam Scattering in the CERN Antiproton Accumulator},
  Author                   = {M. Conte and M. Martini},
  Journal                  = {Part. Acc.},
  Year                     = {1985},
  Pages                    = {1},
  Volume                   = {17}
}

@Article{talanov06chamonix,
  Title                    = {{Aspects of machine induced background in the LHC Experiments}},
  Author                   = {G. Corti and V. Talanov},
  Journal                  = {LHC Project Workshop - ’Chamonix XV’},
  Year                     = {2006},
  Pages                    = {178}
}

@Article{mangl08,
  Title                    = {{Ions for LHC: Towards Completion of the Injector Chain}},
  Author                   = {{D. Manglunki \textit{et al.}}},
  Journal                  = {Proc. of the European Particle Accelerator Conf. 2008, Genoa, Italy},
  Year                     = {2008}
}

@Article{ipac14_daniele,
  Title                    = {Improvements of the Crystal Routine for Collimation Studies},
  Author                   = {{D. Mirarchi \textit{et al.}}},
  Journal                  = {Proceedings of the International Particle Accelerator Conference 2014, Dresden, Germany},
  Year                     = {2014},
  Pages                    = {886}
}

@Article{wollmann10,
  Title                    = {{First cleaning with LHC collimators}},
  Author                   = {{D. Wollmann \textit{et al.}}},
  Journal                  = {Proceedings of the International Particle Accelerator Conference 2010, Kyoto, Japan},
  Year                     = {2010},
  Pages                    = {1237}
}

@Article{deneke08,
  Title                    = {Bound-free e[sup +]e[sup -] pair creation with a linearly polarized laser field and a nuclear field},
  Author                   = {C. Deneke and C. Muller},
  Journal                  = {Phys. Rev. A},
  Year                     = {2008},
  Number                   = {3},
  Pages                    = {033431},
  Volume                   = {78}
}

@Article{drees02,
  Title                    = {{RHIC} collimator performance},
  Author                   = {A. Drees and R. P. Fliller and D. Gassner and G. McIntyre and D. Trbojevic},
  Journal                  = {Proc. of the European Particle Accelerator Conf. 2002, Paris, France},
  Year                     = {2002},
  Pages                    = {2673}
}

@Article{drozhdin09,
  Title                    = {Beam Losses and Background Loads on Collider Detectors Due to Beam-Gas Interactions in the {LHC}},
  Author                   = {A.I. Drozhdin and N.V. Mokhov and S.I. Striganov},
  Journal                  = {Proceedings of the 2009 Particle Accelerator Conference, Vancouver, Canada},
  Year                     = {2009},
  Pages                    = {2549 - 2551}
}

@Article{drozhdin96,
  Title                    = {Accelerator related background in the {CMS} detector at {LHC}},
  Author                   = {A. I. Drozhdin and M. Huhtinen and N. V. Mokhov},
  Journal                  = {Nucl. Instr. and Meth. A},
  Year                     = {1996},
  Number                   = {2-3},
  Pages                    = {531 - 544},
  Volume                   = {381}
}

@Article{holzer05cern,
  Title                    = {{Beam Loss Monitoring System for the LHC}},
  Author                   = {{E. B. Holzer \textit{et al.}}},
  Journal                  = {CERN-AB-2006-009},
  Year                     = {2005}
}

@Article{holzer08a,
  Title                    = {Development, production and testing of 4500 beam loss monitors},
  Author                   = {{E. B.~Holzer \textit{et al}}},
  Journal                  = {Proc. of the European Particle Accelerator Conf. 2008, Genoa, Italy},
  Year                     = {2008},
  Pages                    = {1134}
}

@Article{gschwendtner02,
  Title                    = {The beam loss detection system of the {LHC} ring},
  Author                   = {{E. Gschwendtner \textit{et al.}}},
  Journal                  = {CERN SL-2002-021},
  Year                     = {2002}
}

@Article{meschi14_cham,
  Title                    = {{Experiments' Expectations for 2015}},
  Author                   = {{E. Meschi \textit{et al.}}},
  Journal                  = {Proceedings of the LHC Performance Workshop (Chamonix 2014), Chamonix, France},
  Year                     = {2014}
}

@Article{steerenberg16_cham,
  Title                    = {{Beams from the injector in 2016}},
  Author                   = {{R. Steerenberg \textit{et al.}}},
  Journal                  = {Proceedings of the LHC Performance Workshop (Chamonix 2016), Chamonix, France},
  Year                     = {2016}
}

@Article{bruce16_cham,
  Title                    = {{LHC machine configuration in the 2016 proton run}},
  Author                   = {{R. Bruce \textit{et al.}}},
  Journal                  = {Proceedings of the LHC Performance Workshop (Chamonix 2016), Chamonix, France},
  Year                     = {2016}
}

@Article{papotti16_cham,
  Title                    = {{Lessons learnt in LHC operation in 2015}},
  Author                   = {{G. Papotti \textit{et al.}}},
  Journal                  = {Proceedings of the LHC Performance Workshop (Chamonix 2016), Chamonix, France},
  Year                     = {2016}
}

@Article{quaranta13offmom,
  Title                    = {{SixTrack Simulation of Off-momentum Cleaning in LHC}},
  Author                   = {{E. Quaranta \textit{et al.}}},
  Journal                  = {Proceedings of IPAC13, Shanghai, China},
  Year                     = {2013}
}

@Article{damerau13,
  Title                    = {{RF manipulations for higher beam brightness LHC-type beams}},
  Author                   = {H. Damerau and A. Findlay and S. Gilardoni and S. Hancock},
  Journal                  = {Proceedings of IPAC13, Shanghai, China},
  Year                     = {2013}
}

@Article{quaranta13ramp,
  Title                    = {{Comparison between Simulations and Measurements of LHC Collimation Cleaning during the Energy Ramp}},
  Author                   = {{E. Quaranta \textit{et al.}}},
  Journal                  = {Proceedings of IPAC13, Shanghai, China},
  Year                     = {2013}
}

@Article{skordisCollReview2013,
  Title                    = {Energy deposition simulations for quench tests},
  Author                   = {{E. Skordis \textit{et al.}}},
  Journal                  = {Presentation in the LHC collimation review 2013},
  Year                     = {2013}
}

@Article{ezio12_chamonix,
  Title                    = {{Energy of the LHC after the 2013-2014 shutdown}},
  Author                   = {{E. Todesco \textit{et al.}}},
  Journal                  = {Proceedings of the LHC Performance Workshop (Chamonix 2012)},
  Year                     = {2012}
}

@Article{eichler90,
  Author                   = {J. Eichler},
  Journal                  = {{Physics Reports}},
  Year                     = {1990},
  Pages                    = {165},
  Volume                   = {193}
}

@Article{evans83,
  Title                    = {The beam-beam interaction},
  Author                   = {L. Evans},
  Journal                  = {CERN Accelerator School: Antiprotons for Colliding-beam Facilities, Geneva Switzerland. CERN SPS/83-38},
  Year                     = {1983}
}

@Article{pilat05,
  Title                    = {{Operations and performance of RHIC as a Cu-Cu collider}},
  Author                   = {{F. Pilat \textit{et al.}}},
  Journal                  = {Proc. of the Particle Accelerator Conf. 2005, Knoxville, Tennessee, USA},
  Year                     = {2005},
  Pages                    = {4281}
}

@Article{fartoukh_LMC_14,
  Title                    = {{Optics options for 2015}},
  Author                   = {S. Fartoukh},
  Journal                  = {presentation in the LHC Machine Committee, 2014.04.30},
  Year                     = {2014}
}

@Article{fartoukh_LMC_13,
  Title                    = {{LHCb crossing scheme for Run II and III}},
  Author                   = {S. Fartoukh},
  Journal                  = {presentation in the LHC Machine Committee, 2014.06.19},
  Year                     = {2013}
}

@Article{fartoukh13_prstab,
  Title                    = {Achromatic telescopic squeezing scheme and application to the {LHC} and its luminosity upgrade},
  Author                   = {S. Fartoukh},
  Journal                  = {Phys. Rev. ST Accel. Beams},
  Year                     = {2013},
  Pages                    = {111002},
  Volume                   = {16},

  Doi                      = {10.1103/PhysRevSTAB.16.111002},
  Issue                    = {11},
  Numpages                 = {25}
}

@Article{fartoukh11ats,
  Title                    = {{An Achromatic Telescopic Squeezing (ATS) Scheme For The LHC Upgrade}},
  Author                   = {S. Fartoukh},
  Journal                  = {CERN-ATS-Note-2011-161},
  Year                     = {2011}
}

@Article{fluka1,
  Title                    = {{FLUKA}: a multi-particle transport code},
  Author                   = {A. Ferrari and P.R. Sala and A. Fass\`{o} and J. Ranft},
  Journal                  = {CERN Report CERN-2005-10},
  Year                     = {2005}
}


@Article{fluka14,
  Title                    = {The {FLUKA} Code: Developments and Challenges for High Energy and Medical Applications},
  Author                   = {T.T. Bohlen and F. Cerutti and M.P.W. Chin and A. Fass\`{o} and A. Ferrari and P.G. Ortega and A. Mairani and P.R. Sala and G. Smirnov and and V. Vlachoudis},
  Journal                  = {Nuclear Data Sheets},
  Number		   = {120},
  Pages			   = {211-214},
  Year                     = {2014}
}

@Article{fischer06,
  Title                    = {Beam loss and emittance growth of colliding proton beams during {RHIC} Run-5},
  Author                   = {W. Fischer and M. Bai and M. Harvey},
  Journal                  = {RHIC C-A/AP/235},
  Year                     = {2006}
}

@Article{fischer02,
  Title                    = {Intra-beam scattering measurements in {RHIC}},
  Author                   = {W. Fischer and R. Connolly and S. Tepikian and J. van Zeijts and K. Zeno},
  Journal                  = {Proc. of the European Particle Accelerator Conf. 2002, Paris, France},
  Year                     = {2002},
  Pages                    = {236}
}

@Article{miriam14,
  Title                    = {Optics Considerations for {PIC} and {US1} scenarios for {HL-LHC} in the framework of the {RLIUP} review},
  Author                   = {M. Fitterer and R. Bruce and R. de Maria and S. Fartoukh},
  Journal                  = {CERN-ACC-NOTE-2014-0031},
  Year                     = {2014},

  Owner                    = {roderik},
  Timestamp                = {2015.03.16}
}

@Article{foka03,
  Title                    = {Overview of heavy-ion physics at the {SPS} and {RHIC}},
  Author                   = {P. Foka},
  Journal                  = {Rev. Mex. Fis.},
  Year                     = {2003},
  Pages                    = {114},
  Volume                   = {49},

  Issue                    = {4}
}

@Article{foraz12_chamonix,
  Title                    = {LS1 general planning and strategy for {LHC}, {LHC} injectors},
  Author                   = {K. Foraz},
  Journal                  = {Proceedings of the LHC Performance Workshop (Chamonix 2012)},
  Year                     = {2012}
}

@Article{furman03,
  Title                    = {The {M\o{}ller} Luminosity Factor},
  Author                   = {M. A. Furman},
  Journal                  = {LBNL-53553, CBP Note-543},
  Year                     = {2003}
}

@Article{furman91,
  Title                    = {Hourglass effects for assymetric colliders},
  Author                   = {M. A. Furman},
  Journal                  = {Proc. of the Particle Accelerator Conf. 1991, San Fransisco, California},
  Year                     = {1991},
  Pages                    = {422}
}

@Article{antchev13,
  Title                    = {Double Diffractive Cross-Section Measurement in the Forward Region at the LHC},
  Author                   = {{G. Antchev \textit{et al.}}},
  Journal                  = {Phys. Rev. Lett.},
  Year                     = {2013},

  Month                    = {Dec},
  Pages                    = {262001},
  Volume                   = {111},

  Collaboration            = {TOTEM Collaboration},
  Doi                      = {10.1103/PhysRevLett.111.262001},
  Issue                    = {26},
  Numpages                 = {6},
  Publisher                = {American Physical Society}
}

@Article{battistoni11,
  Title                    = {{The Application of the Monte Carlo Code FLUKA in Radiation Protection Studies for the Large Hadron Collider}},
  Author                   = {{G. Battistoni \textit{et al.}}},
  Journal                  = {Progress in Nuclear Science and Technology},
  Year                     = {2011},
  Pages                    = {358},
  Volume                   = {2}
}

@Article{iadarola14_cham,
  Title                    = {{Scrubbing: Expectations and Strategy, Long Range Perspective}},
  Author                   = {{G. Iadarola \textit{et al.}}},
  Journal                  = {Proceedings of the LHC Performance Workshop (Chamonix 2014), Chamonix, France},
  Year                     = {2014}
}

@Article{valentino13prstabBPMbutton,
  Title                    = {Successive Approximation Algorithm for {BPM}-Based {LHC} Collimator Alignment},
  Author                   = {{G. Valentino \textit{et al.}}},
  Journal                  = {to be submitted to PRSTAB},
  Year                     = {2013}
}

@Article{gaimard91,
  Title                    = {{Review of Particle Physics}},
  Author                   = {J.-J. Gaimard and K.H. Schmidt},
  Journal                  = {{Nucl. Phys. A}},
  Year                     = {1991},
  Pages                    = {709},
  Volume                   = {531}
}

@Article{garcia15_ipac,
  Title                    = {Beam Cleaning in Experimental {IRs} in {HL-LHC} for Incoming Beam},
  Author                   = {H. Garcia and R. Bruce and S. Redaelli},
  Journal                  = {Proceedings of the International Particle Accelerator Conference 2015, Richmond, VA, USA},
  Year                     = {2015},

  Owner                    = {roderik},
  Timestamp                = {2015.03.15}
}

@Article{giovannozzi12-chamonix,
  Title                    = {Optics options for the 2012 proton run},
  Author                   = {M. Giovannozzi},
  Journal                  = {Proceedings of the LHC Performance Workshop - Chamonix 2012},
  Year                     = {2012}
}

@Article{giovannozzi10lhccwg,
  Title                    = {{Global aperture measurements at 450 GeV with 170 mrad crossing angle}},
  Author                   = {M. Giovannozzi and R. Assmann and R. Giachino and D. Jacquet and L. Ponce and S. Redaelli and J. Wenninger},
  Journal                  = {presentation in the LHC Beam Commissioning Working Group meeting, 2010.09.14.},
  Year                     = {2010}
}

@Article{goddard05,
  Title                    = {{TT40} damage during 2004 high intensity {SPS} extraction},
  Author                   = {B. Goddard and V. Kain and V. Mertens and J. Uythoven and J. Wenninger},
  Journal                  = {CERN-AB-2005-014 BT},
  Year                     = {2005}
}

@Article{gounder03,
  Title                    = {{Time evolution of beam current in the recycler ring}},
  Author                   = {K. Gounder and J. Marriner and S. Mishra},
  Journal                  = {Proc. of the Particle Accelerator Conf. 2003, Portland},
  Year                     = {2003},
  Pages                    = {3434}
}

@Article{granieri01,
  Title                    = {Stability Analysis of the LHC Cables for Transient Heat Depositions},
  Author                   = {Granieri, P. P. and Calvi, M. and Xydi, P. and Baudouy, B. and Bocian, D. and Bottura, L. and Breschi, M. and Siemko, A.},
  Journal                  = {IEEE Appl. Trans. Supercond.},
  Year                     = {2008},

  Month                    = {June},
  Pages                    = {1257-1262},
  Volume                   = {18}
}

@Article{gould84,
  Author                   = {{H. Gould}},
  Journal                  = {Lawrence Berkeley Laboratory Report No. LBL-18593},
  Year                     = {1984}
}

@Article{braun04,
  Title                    = {{Collimation of Heavy Ion Beams in the LHC}},
  Author                   = {{H.H. Braun \textit{et al.}}},
  Journal                  = {Proc. of the European Particle Accelerator Conf. 2004, Lucerne, Switzerland},
  Year                     = {2004},
  Pages                    = {551}
}

@Article{hahn03,
  Title                    = {The RHIC design overview},
  Author                   = {H. Hahn and E. Forsyth and H. Foelsche and M. Harrison and J. Kewisch and G. Parzen and S. Peggs and E. Raka and A. Ruggiero and A. Stevens and S. Tepikian and P. Thieberger and D. Trbojevic and J. Wei and E. Willen and S. Ozaki and S. Y. Lee},
  Journal                  = {Nucl. Instrum. Methods Phys. Res., Sect. A},
  Year                     = {2003},
  Number                   = {2-3},
  Pages                    = {245 - 263},
  Volume                   = {499}
}

@Article{herr12-chamonix,
  Title                    = {{Performance reach of LHC after LS1}},
  Author                   = {W. Herr},
  Journal                  = {Proceedings of the LHC Performance Workshop - Chamonix 2012},
  Year                     = {2012}
}

@Article{werner10evian,
  Title                    = {{LHC beam-beam effects - review and outlook}},
  Author                   = {W. Herr},
  Journal                  = {Proceedings of the 2010 {LHC} beam operation workshop, Evian, France},
  Year                     = {2010}
}

@Article{herr03,
  Title                    = {Concept of luminosity},
  Author                   = {W. Herr},
  Journal                  = {CERN Accelerator School, Intermidiate accelerator physics, DESY, Zeuthen, Germany, 15-26 September, 2003. CERN 2006-002},
  Year                     = {2006}
}

@Article{herr11_beambeam1,
  Title                    = {Head-on beam-beam collisions with high intensities and long range beam-beam studies in the {LHC}},
  Author                   = {W. Herr and M. Albert and R. Alemany and R. Assmann and X. Buffat and R. Calaga and K. Cornelis and M. Fitterer and R. Giachino and R. Miyamoto and L. Norman and G. Papotti and T. Pieloni and L. Ponce and S. Redaelli and M. Schaumann and G. Trad and D. Wollmann},
  Journal                  = {CERN-ATS-Note-2011-058 MD},
  Year                     = {2011},

  Owner                    = {roderik},
  Timestamp                = {2014.12.19}
}

@Article{herr11_beambeam2,
  Title                    = {Results of long-range beam-beam studies and observations during operation in the {LHC}},
  Author                   = {W. Herr and R. Alemany and R. Assmann and X. Buffat and R. Calaga and M. Fitterer and R. Giachino, G.H. Hemelsoet and G. Papotti and T. Pieloni and M. Poyer and M. Schaumann, G. Trad and D. Wollmann},
  Journal                  = {CERN-ATS-Note-2011-120 MD},
  Year                     = {2011},

  Owner                    = {roderik},
  Timestamp                = {2014.12.19}
}

@Article{herr13,
  Title                    = {Long-range beam–beam effects in the {LHC}},
  Author                   = {W. Herr and X. Buffat and R. Calaga and R. Giachino and D. Kaltchev and G. Papotti and T. Pieloni},
  Journal                  = {Proceedings of the ICFA Mini-Workshop on Beam–Beam Effects in Hadron Colliders, CERN, Geneva, Switzerland, 18–22 March 2013},
  Year                     = {2013}
}

@Article{herr04,
  Title                    = {A {MAD-X} Primer},
  Author                   = {W. Herr and F. Schmidt},
  Journal                  = {CERN-AB-2004-027-AB},
  Year                     = {2004}
}

@Article{hirata95,
  Title                    = {Analysis of Beam-Beam Interactions with a Large Crossing Angle},
  Author                   = {Hirata, Kohji },
  Journal                  = {Phys. Rev. Lett.},
  Year                     = {1995},

  Month                    = {Mar},
  Number                   = {12},
  Pages                    = {2228--2231},
  Volume                   = {74},

  Doi                      = {10.1103/PhysRevLett.74.2228},
  Numpages                 = {3},
  Publisher                = {American Physical Society}
}

@Article{ipac11_hoefle_adt_blowup,
  Title                    = {{Controlled transverse blow-up of high-energy proton beams for aperture measurements and loss maps}},
  Author                   = {W. Hofle and R. Assmann and S. Redaelli and R. Schmidt and D. Valuch and D. Wollmann and M. Zerlauth},
  Journal                  = {Proceedings of IPAC12, New Orleans, Louisiana, USA},
  Year                     = {2012},
  Pages                    = {4059}
}

@Article{holzer05,
  Title                    = {{Beam Loss Monitoring System for the LHC}},
  Author                   = {E.B. Holzer and B. Dehning and E. Effinger and J. Emery and G. Ferioli and J.L. Gonzalez and E. Gschwendtner and G. Guaglio and M. Hodgson and D. Kramer and R. Leitner and L. Ponce and V. Prieto and M. Stockner and C. Zamantzas},
  Journal                  = {IEEE Nuclear Science Symposium Conference Record},
  Year                     = {2005},
  Pages                    = {1052},
  Volume                   = {2},

  Doi                      = {10.1109/NSSMIC.2005.1596433}
}

@Article{holzer08b,
  Title                    = {Generation of 1.5 million beam loss threshold values},
  Author                   = {E. B.~Holzer and D.~Bocian and T. T.~B\"ohlen and B.~Dehning and D.~Kramer and L.~Ponce and A.~Priebe and M.~Sapinski and M.~Stockner},
  Journal                  = {Proc. of the European Particle Accelerator Conf. 2008, Genoa, Italy},
  Year                     = {2008},
  Pages                    = {3333}
}

@Article{holzer07,
  Title                    = {Accuracy of LHC proton loss rate determination by the BLM system},
  Author                   = {Holzer, E. B. and Dehning, B. and Fabjan, C. W. and Kramer, D. and Sapinski, M. and Stockner, M.},
  Journal                  = {Nuclear Science Symposium Conference Record, 2007. NSS '07. IEEE},
  Year                     = {2007},
  Pages                    = {1679-1683},
  Volume                   = {2}
}

@Article{hubner85,
  Title                    = {Optimization of average luminosity in pp and p\={p} colliders},
  Author                   = {K. Hubner and E. Keil},
  Journal                  = {IEEE Transactions on Nuclear Science},
  Year                     = {1985},
  Number                   = {5},
  Pages                    = {1632},
  Volume                   = {NS-32}
}

@Article{BDSIM-NIMA,
  Author                   = {{I.~Agapov \textit{et al.}}},
  Journal                  = {NIMA},
  Year                     = {2009},
  Pages                    = {708},
  Volume                   = {606}
}

@Article{BDSIM-PLACET,
  Author                   = {{I.~Agapov \textit{et al.}}},
  Journal                  = {PRSTAB},
  Year                     = {2009},
  Pages                    = {081001},
  Volume                   = {12}
}

@Article{iadarola14_evian,
  Title                    = {Electron Cloud and Scrubbing: perspective and requirements for 25 ns operation in 2015},
  Author                   = {G. Iadarola and G. Rumolo},
  Journal                  = {Proceedings of the 5th Evian Workshop, Evian, France},
  Year                     = {2014}
}

@Article{iselin94,
  Title                    = {The {MAD} program, physics methods manual},
  Author                   = {F. C. Iselin},
  Journal                  = {CERN-SL-92},
  Year                     = {1992}
}

@Article{report44,
  Title                    = {Quench levels and transient beam losses in {LHC} magnets},
  Author                   = {{J. B. Jeanneret \textit{et al}}},
  Journal                  = {LHC Project Report 44, CERN},
  Year                     = {1996}
}

@Article{zimmermann97,
  Title                    = {A simulation study of electron-cloud instability and beam-induced multipacting in the LHC},
  Author                   = {F. Zimmermann},
  Journal                  = {LHC Project Report 95, CERN},
  Year                     = {1997}
}

@Article{wenninger14_cham,
  Title                    = {{Overall Strategy for Run 2}},
  Author                   = {{J. Wenninger \textit{et al.}}},
  Journal                  = {Proceedings of the LHC Performance Workshop (Chamonix 2014), Chamonix, France},
  Year                     = {2014}
}

@Article{wenninger14_evian,
  Title                    = {The {LHC} Nominal Cycle, Pre-cycle and Variations in 2015},
  Author                   = {{J. Wenninger \textit{et al.}}},
  Journal                  = {Proceedings of the 5th Evian Workshop, Evian, France},
  Year                     = {2014}
}

@Article{jeanneret06_report1007,
  Title                    = {Geometrical tolerances for the qualification of {LHC} magnets},
  Author                   = {{J.B. Jeanneret}},
  Journal                  = {LHC Project Report 1007, CERN},
  Year                     = {2006}
}

@Article{muller14_evian,
  Title                    = {Longitudinal parameters and beam induced heating},
  Author                   = {J.F. Esteban Muller and B. Salvant and E. Shaposhnikova},
  Journal                  = {Proceedings of the 5th Evian Workshop, Evian, France},
  Year                     = {2014}
}

@Book{jackson,
  Title                    = {Classical Electrodynamics},
  Author                   = {J. D. Jackson},
  Publisher                = {John Wiley and sons},
  Year                     = {1999},
  Edition                  = {3rd}
}

@Article{note111,
  Title                    = {Geometrical acceptance in {LHC} Version 5.0},
  Author                   = {J.B. Jeanneret and R. Ostojic},
  Journal                  = {LHC Project Note 111, CERN},
  Year                     = {1997}
}

@Article{note66,
  Title                    = {Geometrical aperture in {LHC} at injection},
  Author                   = {J.B. Jeanneret and T. Risselada},
  Journal                  = {LHC Project Note 66, CERN},
  Year                     = {1996}
}

@Article{jeanneret98,
  Title                    = {Optics of a two-stage collimation system},
  Author                   = {J. B. Jeanneret},
  Journal                  = {Phys. Rev. ST Accel. Beams},
  Year                     = {1998},
  Number                   = {8},
  Pages                    = {081001},
  Volume                   = {1},

  Numpages                 = {9}
}

@article{ruggiero01,
  title = {Simulation of the electron-cloud build up and its consequences on heat load, beam stability, and diagnostics},
  author = {Rumolo, G. and Ruggiero, F. and Zimmermann, F.},
  journal = {Phys. Rev. ST Accel. Beams},
  volume = {4},
  issue = {1},
  pages = {012801},
  year = {2001},
  doi = {10.1103/PhysRevSTAB.4.012801}
}

@Misc{john_colusm54,
  Title                    = {{Alternative dispersion suppressor collimation for ALICE heavy-ion operation}},

  Author                   = {J.M. Jowett},
  HowPublished             = {Presentation in the LHC Collimation Upgrade Specification Meeting 54, \url{https://indico.cern.ch/event/381344/}},
  Year                     = {2015}
}

@Article{john_colusm42,
  Title                    = {{Dispersion Suppressor Collimators for Heavy-Ion Operation}},
  Author                   = {J.M. Jowett},
  Journal                  = {{presentation in the LHC Collimation Upgrade Specification Meeting 42}},
  Year                     = {2014}
}

@Article{jowett_coll_review,
  Title                    = {Dispersion Suppressor Collimators for Heavy-Ion Operation},
  Author                   = {J. Jowett and M. Schaumann},
  Journal                  = {Presentation at the LHC Collimation Review},
  Year                     = {2013},

  Owner                    = {roderik},
  Timestamp                = {2015.03.18}
}

@Article{jowett13_rliup,
  Title                    = {Heavy Ion Operation from Run 2 to {HL-LHC}},
  Author                   = {J.M. Jowett and M. Schaumann and R. Versteegen},
  Journal                  = {Proceedings of the Review of LHC \& Injector Upgrade Plans Workshop (RLIUP)},
  Year                     = {2013},

  Owner                    = {roderik},
  Timestamp                = {2015.03.27}
}

@Article{rumolo13_rliup,
  Title                    = {{“Expected performance in the injectors at 25~ns without and with LINAC4}},
  Author                   = {{G. Rumolo \textit{et al.}}},
  Journal                  = {Proceedings of the Review of LHC \& Injector Upgrade Plans Workshop (RLIUP)},
  Year                     = {2013}
}


@Article{damerau13_rliup,
  Title                    = {{LIU: Exploring alternative ideas}},
  Author                   = {{H. Damerau \textit{et al.}}},
  Journal                  = {Proceedings of the Review of LHC \& Injector Upgrade Plans Workshop (RLIUP)},
  Year                     = {2013}
}


@Article{bartosik13_rliup,
  Title                    = {{Can we ever reach the HL-LHC requirements with the injectors?}},
  Author                   = {H. Bartosik and T. Argyropoulos and B. Goddard and G. Iadarola and Y. Papaphilippou and G. Rumolo and E. Shaposhnikova},
  Journal                  = {Proceedings of the Review of LHC \& Injector Upgrade Plans Workshop (RLIUP)},
  Year                     = {2013}
}

@Article{jowett08,
  Title                    = {The {LHC} as a Nucleus-Nucleus Collider.},
  Author                   = {J. M. Jowett},
  Journal                  = {J. Phys. G: Nucl. Part. Phys.},
  Year                     = {2008},
  Pages                    = {104028},
  Volume                   = {35}
}

@Article{jowett04-chamonix,
  Title                    = {Ions in the {LHC} ring},
  Author                   = {J. M. Jowett},
  Journal                  = {Proceedings of the LHC Performance Workshop, Chamonix XIII},
  Year                     = {2005},
  Pages                    = {55}
}

@Article{jowett05-chamonix,
  Title                    = {{LHC} operation for heavy ions},
  Author                   = {J. M. Jowett},
  Journal                  = {Proceedings of the LHC Performance Workshop, Chamonix XIV},
  Year                     = {2005},
  Pages                    = {88}
}

@Article{epac2004,
  Title                    = {{Limits to the Performance of the LHC with Ion Beams}},
  Author                   = {J. M. Jowett and H. H. Braun and M. I. Gresham and E. Mahner and A. N. Nicholson and E. Shaposhnikova},
  Journal                  = {Proc. of the European Particle Accelerator Conf. 2004, Lucerne},
  Year                     = {2004},
  Pages                    = {578}
}

@Article{pac2005,
  Title                    = {TPAP012},
  Author                   = {J. M. Jowett and R. Bruce and S.Gilardoni},
  Journal                  = {Proc. of the Particle Accelerator Conf. 2005, Knoxville},
  Year                     = {2005},
  Pages                    = {1306}
}

@Article{jowett06,
  Title                    = {{The LHC as a proton-nucleus collider}},
  Author                   = {J. M.~Jowett and C. Carli},
  Journal                  = {Proc. of the European Particle Accelerator Conf. 2006, Edinburgh, Scotland},
  Year                     = {2006},
  Pages                    = {550}
}

@Article{pac2003,
  Title                    = {{Heavy Ion Beams in the LHC}},
  Author                   = {J. M. Jowett and J. B. Jeanneret and K. Schindl},
  Journal                  = {Proc. of the Particle Accelerator Conf. 2003, Portland},
  Year                     = {2003},
  Pages                    = {1682}
}

@Article{goulianos95,
  Title                    = {Renormalization of hadronic diffraction and the structure of the pomeron},
  Author                   = {K.Goulianos},
  Journal                  = {Physics Letters B},
  Year                     = {1995},
  Pages                    = {379},
  Volume                   = {358}
}

@Article{bbackgrWorkshop96,
  Title                    = {{Proc. of the Workshop on LHC Backgrounds, CERN, Geneva, March 22, 1996}},
  Author                   = {{K.M. Potter (editor)}},
  Journal                  = {CERN-2009-003},
  Year                     = {1996}
}

@InProceedings{kim97,
  Title                    = {A code for calculating the time evolution of beam parameters in high intensity circular accelerators},
  Author                   = {Kim, C.H.},
  Booktitle                = {Proceedings of the 1997 Particle Accelerator Conference},
  Year                     = {1997},
  Pages                    = {790-792 vol.1},
  Volume                   = {1},

  Doi                      = {10.1109/PAC.1997.749838}
}

@Article{knapp02,
  Author                   = {J. Knapp and D. Heck and S. J. Sciutto and M. T. Dova and M. Risse},
  Journal                  = {{Astroparticle Physics}},
  Year                     = {2003},
  Pages                    = {77},
  Volume                   = {19}
}

@PhdThesis{kramer-thesis,
  Title                    = {{LHC Beam Dump System: Analysis of beam commissioning, performance and the consequences of abnormal operation}},
  Author                   = {T. Kramer},
  School                   = {TU Graz},
  Year                     = {2008}
}

@Article{krause98,
  Title                    = {Electron Capture and Ionization of Pb Ions at 33 TeV},
  Author                   = {Krause, H. F. and Vane, C. R. and Datz, S. and Grafstr\"om, P. and Knudsen, H. and Scheidenberger, C. and Schuch, R. H.},
  Journal                  = {Phys. Rev. Lett.},
  Year                     = {1998},

  Month                    = {Feb},
  Number                   = {6},
  Pages                    = {1190--1193},
  Volume                   = {80},

  Doi                      = {10.1103/PhysRevLett.80.1190},
  Numpages                 = {3},
  Publisher                = {American Physical Society}
}

@Article{kubo01,
  Title                    = {Intrabeam scattering in electron storage rings},
  Author                   = {Kubo, Kiyoshi and Oide, Katsunobu },
  Journal                  = {Phys. Rev. ST Accel. Beams},
  Year                     = {2001},
  Number                   = {12},
  Pages                    = {124401},
  Volume                   = {4},

  Numpages                 = {7}
}

@Article{burnod94,
  Title                    = {Thermal modelling of the {LHC} dipoles functioning in superfluid helium},
  Author                   = {{L. Burnod, D. Leroy, B. Szeless, B. Baudouy, C. Meuris}},
  Journal                  = {CERN AT/94-21},
  Year                     = {1994}
}

@Article{crouch15,
  Title                    = {Long range beam-beam interaction and the effect on the beam and luminosity lifetimes},
  Author                   = {M. Crouch and T. Pieloni and J. Barranco Garcia and D. Banfi and X. Buffat and C. Tambasco and Y. Alexahin and R. Bruce and R. Giachino and M. Pojer and B. Salvachua Ferrando and M. Solfaroli Camillocci and G. Trad},
  Journal                  = {CERN-ACC-NOTE-2016-0019},
  Year                     = {2016}
}

@Article{wenninger13,
  Title                    = {{Operation and Configuration of the LHC in Run 1}},
  Author                   = {R. Alemany-Fernandez and E. Bravin and L. Drosdal and A. Gorzawski and V. Kain and M. Lamont and A. Macpherson and G. Papotti and M. Pojer and L. Ponce and S. Redaelli and G. Roy and M. Solfaroli Camillocci and W. Venturini and J. Wenninger},
  Journal                  = {CERN-ACC-NOTE-2013-0041},
  Year                     = {2014}
}


@Article{lhcJINST,
  Title                    = {{LHC} machine},
  Author                   = {{L. Evans and {P. Bryant (editors)}}},
  Journal                  = {JINST},
  Year                     = {2008},
  Pages                    = {S08001},
  Volume                   = {3}
}

@Article{evans82,
  Title                    = {The beam-beam effect in the {SPS}},
  Author                   = {{L. Evans and J. Gareyte}},
  Journal                  = {CERN SPS/82-8 (DI-MST)},
  Year                     = {1982}
}

@Article{lari12,
  Title                    = {Accelerator physics studies on the effects from an asynchronous beam dump onto the {LHC} experimental region collimators},
  Author                   = {{L. Lari \textit{et al.}}},
  Journal                  = {Proceedings of IPAC12, New Orleans, Louisiana, USA},
  Year                     = {2012},
  Pages                    = {547}
}

@Article{lamont10evian,
  Title                    = {{Intensity ramp-up}},
  Author                   = {M. Lamont},
  Journal                  = {Proceedings of the 2010 {LHC} beam operation workshop, Evian, France},
  Year                     = {2010}
}

@Article{langner15MDoptics,
  Title                    = {{LHC optics commissioning with $\beta^*=40$~cm and 60~cm}},
  Author                   = {A. Langner and F. Carlier and J. Coello de Portugal and A. Garcia-Tabares Valdivieso and E.H. Maclean and L. Malina and T.H.B. Persson and S. M\"{o}nig and B. Salvachua Ferrando and P. Skowronski and R. Tomas and J. Wenninger},
  Journal                  = {CERN-MD-Note-2015-?},
  Year                     = {2015}
}

@Article{andy13_LCU,
  Title                    = {{Estimates of beta-beating for 2015}},
  Author                   = {A. Langner and R. T\'{o}mas},
  Journal                  = {Presentation in the LCU meeting, 2013.12.13.},
  Year                     = {2013}
}

@Article{lari13,
  Title                    = {Simulation and Measurements of Beam Losses on {LHC} Collimators during Beam Abort Failures},
  Author                   = {L. Lari and C. Bracco and R. Bruce and B. Goddard and S. Redaelli and B.Salvachua and G. Valentino and A.Faus-Golfe},
  Journal                  = {Proceedings of IPAC13, Shanghai, China},
  Year                     = {2013},
  Pages                    = {996}
}

@Article{jowett13_pPbInj,
  Title                    = {{The First LHC p-Pb run: Performance of the Heavy Ion Production Complex}},
  Author                   = {D. Manglunki and M. E. Angoletta and H. Bartosik and G. Bellodi and A. Blas and M.A. Bodendorfer and T. Bohl and C. Carli and E. Carlier and S. Cettour Cave and K. Cornelis and H. Damerau and A. Findlay and S.S. Gilardoni and S. Hancock and J.M. Jowett and D. Kuchler and M. O'Neil and Y. Papaphilippou and S. Pasinelli and R. Scrivens and G. Tranquille and B. Vandorpe and U. Wehrle and J. Wenninger},
  Journal                  = {Proceedings of IPAC13, Shanghai, China},
  Year                     = {2013},
  Pages                    = {2648}
}

@Article{jowett13_pPb,
  Title                    = {{Proton-nucleus Collisions in the LHC}},
  Author                   = {J.M. Jowett and R. Alemany-Fernandez and P. Baudrenghien and D. Jacquet and M. Lamont and D. Manglunki and S. Redaelli and M. Sapinski and M. Schaumann and M. Solfaroli Camillocci and R. Tomas and J.A. Uythoven and D. Valuch and R. Versteegen and J. Wenninger},
  Journal                  = {Proceedings of IPAC13, Shanghai, China},
  Year                     = {2013},
  Pages                    = {49}
}

@Article{lechner14ipac_DS_coll,
  Title                    = {{Power Deposition in LHC Magnets With and Without Dispersion Suppressor Collimators Downstream of the Betatron Cleaning Insertion}},
  Author                   = {A. Lechner and B. Auchmann and R. Bruce and F. Cerutti and P.P. Granieri and A. Marsili and S. Redaelli and N.V. Shetty and E. Skordis and G.E. Steele and A.P. Verwei},
  Journal                  = {Proceedings of the International Particle Accelerator Conference 2014, Dresden, Germany},
  Year                     = {2014},
  Pages                    = {112}
}

@Book{s-y-lee,
  Title                    = {Accelerator Physics},
  Author                   = {S. Y. Lee},
  Publisher                = {World Scientific},
  Year                     = {1999}
}

@PhdThesis{yngve-thesis,
  Title                    = {Machine Induced Experimental Background Conditions in the {LHC}},
  Author                   = {Y. Levinsen},
  School                   = {Oslo University},
  Year                     = {2012}
}

@Article{lindhard96,
  Title                    = {{Relativistic theory of stopping for heavy ions}},
  Author                   = {J. Lindhard and A. H. S\o rensen},
  Journal                  = {{Phys. Rev. A}},
  Year                     = {1996},
  Pages                    = {2443},
  Volume                   = {53}
}

@Article{massimo14_cham,
  Title                    = {{Optics options for the 2015 LHC run}},
  Author                   = {{M. Giovannozzi \textit{et al.}}},
  Journal                  = {Proceedings of the LHC Performance Workshop (Chamonix 2014), Chamonix, France},
  Year                     = {2014}
}

@Article{kuhn14_evian,
  Title                    = {Transverse emittance through the cycle},
  Author                   = {{M. Kuhn \textit{et al.}}},
  Journal                  = {Proceedings of the 5th Evian Workshop, Evian, France},
  Year                     = {2014}
}

@Article{ipac14_serluca,
  Title                    = {Comparison of {MERLIN/SixTrack} for lhc collimation studies},
  Author                   = {{M. Serluca \textit{et al.}}},
  Journal                  = {Proceedings of the International Particle Accelerator Conference 2014, Dresden, Germany},
  Year                     = {2014},
  Pages                    = {185}
}

@Article{ipac14_serluca2,
  Title                    = {HI-LUMI {LHC} collimation studies with {MERLIN} code},
  Author                   = {{M. Serluca \textit{et al.}}},
  Journal                  = {Proceedings of the International Particle Accelerator Conference 2014, Dresden, Germany},
  Year                     = {2014},
  Pages                    = {784}
}

@Article{solfaroli14_cham,
  Title                    = {{Re-commissioning of the Superconducting Circuits}},
  Author                   = {{M. Solfaroli \textit{et al.}}},
  Journal                  = {Proceedings of the LHC Performance Workshop (Chamonix 2014), Chamonix, France},
  Year                     = {2014}
}

@Article{solfaroli14_cham2,
  Title                    = {{Nominal Cycle and Options}},
  Author                   = {{M. Solfaroli \textit{et al.}}},
  Journal                  = {Proceedings of the LHC Performance Workshop (Chamonix 2014), Chamonix, France},
  Year                     = {2014}
}

@Article{moller45,
  Title                    = {General Properties of the Characteristic Matrix in the Theory of Elementary Particles},
  Author                   = {C. M\o{}ller},
  Journal                  = {K. Danske Vidensk. Selsk. Mat.-Fys. Medd.},
  Year                     = {1945},
  Number                   = {1},
  Volume                   = {23}
}

@Article{magistris06,
  Title                    = {Study for magnets and electronics protection in the LHC Betatron-cleaning insertion},
  Author                   = {M. Magistris and A. Ferrari and M. Santana and K. Tsoulou and V. Vlachoudis},
  Journal                  = {Nucl. Inst. \& Methods A},
  Year                     = {2006},
  Number                   = {2},
  Pages                    = {989 - 992},
  Volume                   = {562}
}

@Article{deMaria08,
  Title                    = {General method for final focus system design for circular colliders},
  Author                   = {de Maria, R.},
  Journal                  = {Phys. Rev. ST Accel. Beams},
  Year                     = {2008},

  Month                    = {Mar},
  Pages                    = {031001},
  Volume                   = {11},

  Doi                      = {10.1103/PhysRevSTAB.11.031001},
  Issue                    = {3},
  Numpages                 = {8},
  Publisher                = {American Physical Society},
  Url                      = {http://link.aps.org/doi/10.1103/PhysRevSTAB.11.031001}
}

@Article{marque04,
  Title                    = {Connection cryostats for {LHC} dispersion suppressors},
  Author                   = {S. Marque and T. Colombet and M. Genet and B. Skoczen},
  Journal                  = {Proc. of the European Particle Accelerator Conf. 2004, Lucerne, Switzerland},
  Year                     = {2004},
  Pages                    = {1888}
}

@Article{marsili14ipac_DS_coll_errors,
  Title                    = {{Collimation Cleaning for HL-LHC Optics Scenarios with Error Models}},
  Author                   = {A. Marsili and R. Bruce and S. Redaelli},
  Journal                  = {Proceedings of the International Particle Accelerator Conference 2014, Dresden, Germany},
  Year                     = {2014},
  Pages                    = {163}
}

@Article{martini,
  Title                    = {An introduction to transverse beam dynamics in accelerators},
  Author                   = {M. Martini},
  Journal                  = {CERN/PS 96-11},
  Year                     = {1996}
}

@Article{mclerran08,
  Title                    = {From {AGS-SPS} and onwards to the {LHC}},
  Author                   = {L. McLerran},
  Journal                  = {J. Phys. G: Nucl. Part. Phys.},
  Year                     = {2008},
  Pages                    = {104001},
  Volume                   = {35}
}

@Article{meier01,
  Title                    = {Bound-free electron-positron pair production in relativistic heavy-ion collisions},
  Author                   = {Meier, Helmar and Halabuka, Zlatko and Hencken, Kai and Trautmann, Dirk and Baur, Gerhard },
  Journal                  = {Phys. Rev. A},
  Year                     = {2001},
  Number                   = {3},
  Pages                    = {032713},
  Volume                   = {63}
}

@Article{ipac12_mereghetti_linebuilder,
  Title                    = {{The Fluka Linebuilder and Element Database: Tools for Building Complex Models of Accelerators Beam Lines}},
  Author                   = {A. Mereghetti and V. Boccone and F. Cerutti and R. Versaci and V. Vlachoudis},
  Journal                  = {Proceedings of IPAC12, New Orleans, Louisiana, USA},
  Year                     = {2012},
  Pages                    = {2687}
}

@Article{mereghetti15_md_coll_hier,
  Title                    = {{IR7 collimation hierarchy and impedance}},
  Author                   = {A. Mereghetti and R. Bruce and R. Kwee and D. Mirarchi and E. Quaranta and S.Redaelli and A. Rossi and R. Rossi and B. Salvachua Ferrando and A. Valloni},
  Journal                  = {CERN-MD-Note-2015-?},
  Year                     = {2015}
}

@Article{metral_LMC_14,
  Title                    = {{Collective effects}},
  Author                   = {E. Metral},
  Journal                  = {presentation in the LHC Machine Committee, 2014.09.03.},
  Year                     = {2014}
}

@Article{metral10evian,
  Title                    = {{LHC Beam parameters: pushing the envelope?}},
  Author                   = {E. Metral},
  Journal                  = {Proceedings of the 2010 {LHC} beam operation workshop, Evian, France},
  Year                     = {2010}
}

@Article{meuris99,
  Title                    = {Heat transfer in electrical insulation of {LHC} cables cooled with superfluid helium},
  Author                   = {C. Meuris and B. Baudouy and D. Leroy and B. Szeless},
  Journal                  = {Cryogenics},
  Year                     = {1999},
  Pages                    = {921},
  Volume                   = {39}
}

@Article{daniele15_cwg_lossmaps,
  Title                    = {{Status of loss map validation}},
  Author                   = {D. Mirarchi},
  Journal                  = {presentation in the LHC Collimation Working Group, 2015.06.22},
  Year                     = {2015}
}

@Article{missiaen08,
  Title                    = {{The Final Alignment of the LHC}},
  Author                   = {Missiaen, D.},
  Year                     = {2008},
  Note                     = {In the Proceedings of 10th International Workshop on Accelerator Alignment (IWAA08), Tsukuba, Japan, 11-15 Feb 2008}
}

@Article{missiaen09,
  Title                    = {The alignment of the {LHC}},
  Author                   = {D. Missiaen and R. Steinhagen},
  Year                     = {2009},
  Note                     = {submitted to the Particle Accelerator Conf. 2009, Vancouver, Canada}
}

@Article{moensIpac13adtVStune,
  Title                    = {{Comparison of LHC Beam Loss Maps using the Transverse Damper Blow up and Tune Resonance Crossing Methods}},
  Author                   = {V. Moens and R. Bruce and S. Redaelli and B. Salvachua and G. Valentino},
  Journal                  = {Proceedings of the International Particle Accelerator Conference 2013, Shanghai, China},
  Year                     = {2013},
  Pages                    = {1008}
}

@Article{mokhov96,
  Title                    = {Comparison of backgrounds in detectors for {LHC}, {NLC} and $\mu^+\mu^-$ colliders},
  Author                   = {N.V. Mokhov},
  Journal                  = {Nuclear Physics B - Proceedings Supplements},
  Year                     = {1996},
  Number                   = {1},
  Pages                    = {210 - 218},
  Volume                   = {51}
}

@Article{mars2,
  Title                    = {{MARS15 Overview}},
  Author                   = {N.V. Mokhov and S.I. Striganov},
  Journal                  = {Fermilab-Conf-07/008-AD (2007); in Proc. of Hadronic Shower Simulation Workshop, Fermilab, September 2006, AIP Conf. Proc.},
  Pages                    = {50-60},
  Volume                   = {896}
}

@Article{mars1,
  Title                    = {The {MARS} Code System User's Guide},
  Author                   = {N. V. Mokhov},
  Journal                  = {Fermilab-FN},
  Year                     = {1995},
  Volume                   = {628},

  Url                      = {http://www-ap.fnal.gov/MARS/}
}

@Article{mokhov08,
  Title                    = {{Machine-induced backgrounds: their origin and loads on ATLAS/CMS}},
  Author                   = {N. V. Mokhov and T. Weiler},
  Journal                  = {Fermilab-Conf-08-147-APC; ibid pp. 37-43},
  Year                     = {2008}
}

@Article{morsch01,
  Author                   = {A. Morsch},
  Journal                  = {CERN report ALICE-INT-2001-10},
  Year                     = {2001}
}

@PhdThesis{nicolas-thesis,
  Title                    = {The {LHC} transverse coupled-bunch instability},
  Author                   = {N. Mounet},
  School                   = {EPFL Lausanne},
  Year                     = {2012}
}

@Article{mounet11evian,
  Title                    = {Impedance effects on beam stability},
  Author                   = {N. Mounet and R. Bruce and X. Buffat and W. Herr and E. Metral and G. Rumolo and B. Salvant},
  Journal                  = {Proceedings of the 2011 {LHC} beam operation workshop, Evian, France},
  Year                     = {2011}
}

@Article{mounet14_evian,
  Title                    = {Impedance and instabilities},
  Author                   = {N. Mounet and R. Bruce and X. Buffat and T. Pieloni and B. Salvant and E. Metral},
  Journal                  = {Proceedings of the 5th Evian Workshop, Evian, France},
  Year                     = {2014}
}

@Article{mounet12evian,
  Title                    = {Beam stability with separated beams at 6.5 {TeV}},
  Author                   = {N. Mounet and E. M�etral and G. Arduini and T. Pieloni and B. Salvant and S. White and X. Buffat and R. Calaga and J. Esteban-Muller and R. Bruce and S. Redaelli and B. Salvachua and G. Rumolo},
  Journal                  = {Proceedings of the 2012 {LHC} beam operation workshop, Evian, France},
  Year                     = {2012}
}

@Article{moy73,
  Title                    = {{SPS} Beam Loss Monitor System. {Description} of the system and tests of components},
  Author                   = {B. Moy and C. Rau and N. Aguilar},
  Journal                  = {CERN LABII-RA/Note/73-9},
  Year                     = {1973}
}

@Article{muratori02,
  Title                    = {Luminosity and luminous region calculations for the {LHC}},
  Author                   = {B. Muratori},
  Journal                  = {CERN LHC Project Note 301},
  Year                     = {2002}
}

@Article{myers13,
  Title                    = {{The Large Hadron Collider 2008–-2013}},
  Author                   = {S. Myers},
  Journal                  = {Int. J. Mod. Phys. A},
  Year                     = {2013},
  Pages                    = {1330035},
  Volume                   = {28},

  Doi                      = {10.1142/S0217751X13300354},
  Issue                    = {25}
}

@PhdThesis{nuria-thesis,
  Title                    = {{Transverse and Longitudinal Beam Collimation in a High-Energy Proton Collider (LHC)}},
  Author                   = {{N. Catalan Lasheras}},
  School                   = {University of Zaragoza},
  Year                     = {1998}
}

@Article{magnin14_evian,
  Title                    = {{LHC} beam dumping system status and readiness for {LHC} run {II}},
  Author                   = {{N. Magnin \textit{et al.}}},
  Journal                  = {Proceedings of the 5th Evian Workshop, Evian, France},
  Year                     = {2014}
}

@Article{mounetCollReview2013,
  Title                    = {Collimator impedance},
  Author                   = {{N. Mounet \textit{et al.}}},
  Journal                  = {Presentation in the LHC collimation review 2013},
  Year                     = {2013}
}

@Article{nagaitsev05,
  Title                    = {Intrabeam scattering formulas for fast numerical evaluation},
  Author                   = {Nagaitsev, Sergei },
  Journal                  = {Phys. Rev. ST Accel. Beams},
  Year                     = {2005},
  Number                   = {6},
  Pages                    = {064403},
  Volume                   = {8},

  Numpages                 = {4}
}

@Article{pablo14_CWG,
  Title                    = {{Status of SixTrack-FLUKA coupling}},
  Author                   = {P. Garcia Ortega},
  Journal                  = {presentation in the LHC Collimation Working Group, 2014.10.06.},
  Year                     = {2014}
}

@Article{grafs99,
  Title                    = {Measurement of electromagnetic cross sections in heavy ion interactions and its consequences for luminosity lifetime in ion colliders},
  Author                   = {{P. Grafstr{\"{o}}m \textit{et al.}}},
  Journal                  = {Proc. of the Particle Accelerator Conf. 1999, New York},
  Year                     = {1999},
  Pages                    = {1671}
}

@Article{papotti14_evian,
  Title                    = {global overview of baseline operational parameters},
  Author                   = {G. Papotti},
  Journal                  = {Proceedings of the 5th Evian Workshop, Evian, France},
  Year                     = {2014}
}

@Article{papotti11evian,
  Title                    = {{Colliding beams: luminosity and beam-beam}},
  Author                   = {G. Papotti and W. Herr and G. Trad},
  Journal                  = {Proceedings of the 2011 {LHC} beam operation workshop, Evian, France},
  Year                     = {2011}
}

@Article{parzen88,
  Title                    = {{The effect of coupling on intrabem scattering}},
  Author                   = {G. Parzen},
  Journal                  = {Proc. of the European Particle Accelerator Conference 1988, Rome, Italy},
  Year                     = {1988},
  Pages                    = {821}
}

@Article{pieloni14_evian,
  Title                    = {Two beam effects},
  Author                   = {T. Pieloni and X. Buffat and D Banfi and J. Barranco and G. Arduini and E. Metral and N. Mounet and S. M. White and J. Qiang},
  Journal                  = {Proceedings of the 5th Evian Workshop, Evian, France},
  Year                     = {2014}
}

@Article{pieloni12evian,
  Title                    = {Beam Stability with Colliding Beams at 6.5 {TeV}: in the betatron squeeze and collisions},
  Author                   = {T. Pieloni and X. Buffat and S. White and N. Mounet and W. Herr and E. Metral and G. Arduini and R. Bruce},
  Journal                  = {Proceedings of the 2012 {LHC} beam operation workshop, Evian, France},
  Year                     = {2012}
}

@Article{piwinski74,
  Author                   = {A. Piwinski},
  Journal                  = {Proc. of the 9th International Conference on High Energy Accelerators, Stanford, CA},
  Year                     = {1974},
  Pages                    = {405}
}

@Article{redaelli12_IR2aperture,
  Title                    = {{IR2} aperture measurements at 3.5 {TeV}},
  Author                   = {C. Alabau Pons and A. Arduini and R.W. Assmann and R. Bruce and M. Giovannozzi and J.M. Jowett and E. MacLean and G. Muller and S. Redaelli and R. Tomas and G. Valentino and J. Wenninger},
  Journal                  = {CERN-ATS-Note-2012-017 MD},
  Year                     = {2012}
}

@Article{redaelli11_apertureIR15,
  Title                    = {{IR1 and IR5 aperture at 3.5 TeV}},
  Author                   = {C. Alabau Pons and R. Assmann and R. Bruce and M. Giovannozzi and E. MacLean and G. Mueller and S. Redaelli and F. Schmidt and R. Tomas and J. Wenninger},
  Journal                  = {CERN-ATS-Note-2011-110 MD},
  Year                     = {2011}
}

@Article{pons10,
  Title                    = {{LHC aperture measurements}},
  Author                   = {C. Alabau Pons and M. Giovannozzi and G. M\"{u}ller and S. Redaelli and F. Schmidt and R. Tomas and J. Wenninger},
  Journal                  = {Proceedings of IPAC’10, Kyoto, Japan},
  Year                     = {2010},
  Pages                    = {477}
}

@Article{pshen01,
  Title                    = {Mutual heavy ion dissociation in peripheral collisions at ultrarelativistic energies},
  Author                   = {Pshenichnov, I. A. and Bondorf, J. P. and Mishustin, I. N. and Ventura, A. and Masetti, S. },
  Journal                  = {Phys. Rev. C},
  Year                     = {2001},

  Month                    = {Jul},
  Number                   = {2},
  Pages                    = {024903},
  Volume                   = {64},

  Doi                      = {10.1103/PhysRevC.64.024903},
  Numpages                 = {19},
  Publisher                = {American Physical Society}
}

@Article{bruce13ipac_sixtrack,
  Title                    = {{Simulations and measurements of cleaning with 100 MJ beams in the CERN Large Hadron Collider}},
  Author                   = {{R. Bruce \textit{et al.}}},
  Journal                  = {Proceedings of the International Particle Accelerator Conference 2013, Shanghai, China},
  Year                     = {2013}
}

@Article{bruce12-chamonix,
  Title                    = {{Collimator settings and performance in 2011 and 2012}},
  Author                   = {{R. Bruce \textit{et al.}}},
  Journal                  = {Proceedings of the LHC Performance Workshop - Chamonix 2012},
  Year                     = {2012}
}

@Article{bruce14ipac_sim_tools,
  Title                    = {{Integrated Simulation Tools for Collimation Cleaning in HL-LHC}},
  Author                   = {{R. Bruce \textit{et al}.}},
  Journal                  = {Proceedings of the International Particle Accelerator Conference 2014, Dresden, Germany},
  Year                     = {2014},
  Pages                    = {160}
}

@Article{riccardo_ipac13,
  Title                    = MOPWO028,
  Author                   = {{R. de Maria \textit{et al.}}},
  Journal                  = {Proceedings of IPAC’13},
  Year                     = {2013}
}

@Article{assmann06chamonix,
  Title                    = {{Beam commissioning of the collimation system}},
  Author                   = {{R.W.~Assmann}},
  Journal                  = {LHC Project Workshop - ’Chamonix XV’},
  Year                     = {2006},
  Pages                    = {101}
}

@Article{assmann05chamonix,
  Title                    = {{Collimators and Beam Absorbers for Cleaning and Machine Protection}},
  Author                   = {{R.W.~Assmann}},
  Journal                  = {Proceedings of the LHC Project Workshop - ’Chamonix XIV’, Chamonix, France},
  Year                     = {2005},
  Pages                    = {261}
}

@Article{assmann2Bpublished,
  Author                   = {{R.W.~Assmann \textit{et al.}}},
  Journal                  = {To be published},
  Year                     = {2011}
}

@Article{assmann06,
  Title                    = {{The Final Collimation System for the {LHC}}},
  Author                   = {{R.W.~Assmann \textit{et al.}}},
  Journal                  = {Proc. of the European Particle Accelerator Conference 2006, Edinburgh, Scotland},
  Year                     = {2006},
  Pages                    = {986}
}

@Article{assmann05,
  Title                    = {{LHC Collimation : Design and Results from Prototyping and Beam Tests}},
  Author                   = {{R.W.~Assmann \textit{et al.}}},
  Journal                  = {LHC Project Report 850, CERN},
  Year                     = {2005}
}

@Article{assmann04,
  Title                    = {{An improved collimation system for the LHC}},
  Author                   = {{R.W.~Assmann \textit{et al.}}},
  Journal                  = {Proc. of the European Particle Accelerator Conf. 2004, Lucerne, Switzerland},
  Year                     = {2004},
  Pages                    = {536}
}

@Article{assmann04-inefficiency,
  Title                    = {{Expected performance and beam-based optimization of the LHC collimation system}},
  Author                   = {{R.W.~Assmann and E. B. Holzer and J.B.~Jeanneret and V.~Kain and S.~Redaelli and G.~Robert-Demolaize and J.~Wenninger}},
  Journal                  = {Proc. of the European Particle Accelerator Conf. 2004, Lucerne, Switzerland},
  Year                     = {2004},
  Pages                    = {1825}
}

@Article{roed12,
  Title                    = {{Method for Measuring Mixed Field Radiation Levels Relevant for SEEs at the LHC}},
  Author                   = {Ketil R{\o}ed and Markus Brugger and Daniel Kramer and Paul Peronnard and Christian Pignard and Giovani Spiezia and Adam Thornton},
  Journal                  = {IEEE Transactions on Nuclear Science},
  Year                     = {2012},
  Pages                    = {1040},
  Volume                   = {59},

  Issue                    = {4}
}

@Article{racah,
  Author                   = {G. Racah},
  Journal                  = {Nuovo Cimento},
  Year                     = {1937},
  Pages                    = {93},
  Volume                   = {14}
}

@Article{ranft06,
  Author                   = {J. Ranft},
  Journal                  = {Proceedings of the Hadronic Shower Simulation Workshop, CP896, Batavia, Illinois (USA)},
  Year                     = {2006}
}

@Article{redaelli09,
  Title                    = {{First Beam Based Aperture Measurements in the Arcs of the {CERN} Large Hadron Collider}},
  Author                   = {S. Redaelli and I. Agapov and R. Calaga and B. Dehning and M. Giovannozzi and F. Roncarolo and R. Tomas},
  Journal                  = {CERN-ATS-2009-064},
  Year                     = {2009}
}

@Article{redaelli06,
  Title                    = {{Comparison between measured and simulated beam loss patterns in the CERN SPS}},
  Author                   = {S.~Redaelli and G.~Arduini and R. W.~Assmann and G.~Robert-Demolaize},
  Journal                  = {Proc. of the European Particle Accelerator Conf. 2006, Edinburgh, Scotland},
  Year                     = {2006},
  Pages                    = {1810}
}

@Article{redaelli09pac,
  Title                    = {{Final implementation and performance of the LHC collimator control system}},
  Author                   = {S. Redaelli and R. Assmann and A. Masi and R. Losito},
  Journal                  = {Proc. of the Particle Accelerator Conf. 2009, Vancouver, Canada},
  Year                     = {2009}
}

@Article{redaelli05_cham,
  Title                    = {{LHC Aperture and Commissioning of the Collimation System”}},
  Author                   = {S. Redaelli and R. Assmann and G. Robert-Demolaize},
  Journal                  = {Proceedings of the LHC Project Workshop - ’Chamonix XIV’, Chamonix, France},
  Year                     = {2005},
  Pages                    = {268}
}

@Article{redaelli11evian,
  Title                    = {{Aperture and optics – measurements and conclusions}},
  Author                   = {S. Redaelli and R. Bruce and X. Buffat and M. Giovannozzi and M. Lamont and G. Müller and R. Tomas and J. Wenninger},
  Journal                  = {Proceedings of the 2011 {LHC} beam operation workshop, Evian, France},
  Year                     = {2011}
}

@Article{ipac12_redaelli_ramp_squeeze,
  Title                    = {{Combined Ramp and Squeeze at the Large Hadron Collider}},
  Author                   = {S. Redaelli and M. Lamont and G. Muller and N. Ryckx and R. Tomas and J. Wenninger},
  Journal                  = {Proceedings of IPAC12, New Orleans, Louisiana, USA},
  Year                     = {2012},
  Pages                    = {157}
}

@Article{redaelli11_apertureMeas,
  Title                    = {{IR aperture at 3.5 TeV}},
  Author                   = {S. Redaelli and C. Alabau Pons and R. Assmann and R. Bruce and M. Giovannozzi and G. Mueller and F. Schmidt and R. Tomas and J. Wenninger and D. Wollmann},
  Journal                  = {presentation in the LMC meeting 2011.08.31, CERN, Switzerland},
  Year                     = {2011}
}

@Article{ipac12_redaelli_aperture,
  Title                    = {Aperture measurements in the {LHC} interaction regions},
  Author                   = {S. Redaelli and C. Alabau Pons and R. Assmann and R. Bruce and M. Giovannozzi and G. Muller and M. Pojer and J. Wenninger},
  Journal                  = {Proceedings of IPAC12, New Orleans, Louisiana, USA},
  Year                     = {2012},
  Pages                    = {508}
}

@Article{ripken95,
  Author                   = {G. Ripken and F. Schmidt},
  Journal                  = {CERN/SL/95-12(AP)},
  Year                     = {1995}
}

@PhdThesis{guillaume-thesis,
  Title                    = {Design and Performance Optimization of the {LHC} Collimation System},
  Author                   = {G. Robert-Demolaize},
  School                   = {Universite Joseph Fourier, Grenoble},
  Year                     = {2006}
}

@Article{robert05,
  Title                    = {A new version of SixTrack with collimation and aperture interface},
  Author                   = {G. Robert-Demolaize and R. Assmann and S. Redaelli and F. Schmidt},
  Journal                  = {Proc. of the Particle Accelerator Conf. 2005, Knoxville},
  Year                     = {2005},
  Pages                    = {4084}
}

@Article{roes00,
  Title                    = {{The Monte Carlo Event Generator DPMJET-III}},
  Author                   = {S. Roesler and R. Engel and J. Ranft},
  Journal                  = {SLAC Report SLAC-PUB-8740},
  Year                     = {2000}
}

@Article{rossi04,
  Title                    = {VASCO (VAcuum Stability COde): multi-gas code to calculate gas density},
  Author                   = {A. Rossi},
  Journal                  = {LHC Project Note 341, CERN},
  Year                     = {2004}
}

@Article{lucio_hllhc_ipac11,
  Title                    = {{LHC Upgrade Plans: Options and Strategy}},
  Author                   = {L. Rossi},
  Journal                  = {Proceedings of IPAC’11, San Sebastian, Spain},
  Year                     = {2011},
  Pages                    = {908}
}

@Book{russbook,
  Title                    = {Electromagnetic Design and Mathematical Optimization Methods in Magnet Technology},
  Author                   = {S. Russenschuck},
  Publisher                = {eBook \url{www.cern.ch/russ}},
  Year                     = {2006},
  Edition                  = {3rd},
  Month                    = {February},

  ISBN                     = {92-9083-242-8},
  Keywords                 = {Optimization, BEM-FEM; ROXIE Teach}
}

@Article{pdg,
  Title                    = {{Review of Particle Physics}},
  Author                   = {{S. Eidelman \textit{et al.}}},
  Journal                  = {{Physics Letters B}},
  Year                     = {2004},
  Pages                    = {1},
  Volume                   = {592},

  Url                      = {http://pdg.lbl.gov}
}

@Article{klein01,
  Title                    = {Localized beampipe heating due to e- capture and nuclear excitation in heavy ion colliders},
  Author                   = {{S. R. Klein}},
  Journal                  = {Nucl. Inst. \& Methods A},
  Year                     = {2001},
  Pages                    = {51},
  Volume                   = {459}
}

@Article{redaelli_2015coll_system_PRSTAB,
  Title                    = {The Run II {LHC:} Collimation system},
  Author                   = {{S. Redaelli \textit{et al.}}},
  Journal                  = {Paper in preparation},
  Year                     = {2015},

  Owner                    = {roderik},
  Timestamp                = {2014.12.18}
}

@Article{redaelli_aperture_PRSTAB,
  Title                    = {Overview of aperture measurements at the {CERN Large Hadron Collider (LHC)}},
  Author                   = {{S. Redaelli \textit{et al.}}},
  Journal                  = {Paper in preparation},
  Year                     = {2016}
}

@Article{redaelli14_evian,
  Title                    = {Strategy for first two months and key early measurements},
  Author                   = {{S. Redaelli \textit{et al.}}},
  Journal                  = {Proceedings of the 5th Evian Workshop, Evian, France},
  Year                     = {2014}
}

@Article{BDSIM-IBIC,
  Title                    = {{WEPC46}},
  Author                   = {{S.~Boogert \textit{et al.}}},
  Journal                  = {Proceedings of IBIC 2013}
}

@Article{summerer00,
  Title                    = {Modified empirical parametrization of fragmentation cross sections},
  Author                   = { K. S\"ummerer and B. Blank},
  Journal                  = {Phys. Rev. C},
  Year                     = {2000},
  Number                   = {3},
  Pages                    = {034607},
  Volume                   = {61}
}

@Article{summerer90,
  Title                    = {Target fragmentation of {Au} and {Th} by 2.6 {GeV} protons},
  Author                   = {K. S\"ummerer and W.~Br\"uchle and D. J. Morrissey and M.~Sch\"adel and B.~Szweryn and Yang Weifan},
  Journal                  = {Phys. Rev. C},
  Year                     = {1990},
  Number                   = {6},
  Pages                    = {2546--2561},
  Volume                   = {42}
}

@Article{salvachua12evian,
  Title                    = {{LHC collimation cleaning and operation outlook}},
  Author                   = {B. Salvachua and R.W. Assmann and R. Bruce and M. Cauchi and D. Deboy and L. Lari and A. Marsili and D. Mirarchi and E. Quaranta and S. Redaelli and A. Rossi and G. Valentino},
  Journal                  = {Proceedings of the 2012 {LHC} beam operation workshop, Evian, France},
  Year                     = {2012}
}

@Article{salvachua13ipacCleaning,
  Title                    = {{Cleaning performance of the LHC collimation system up to 4TeV}},
  Author                   = {B. Salvachua and R.W. Assmann and R. Bruce and M. Cauchi and D. Deboy and A. Marsili and E. Quaranta and S. Redaelli and A. Rossi and G. Valentino and L. Lari and D. Mirarchi},
  Journal                  = {Proceedings of the International Particle Accelerator Conference 2013, Shanghai, China},
  Year                     = {2013},
  Pages                    = {1002}
}

@Article{salvachua13ipacB1B2sharing,
  Title                    = {{Estimate of warm magnets lifetime in the betatron and momentum cleaning insertions of the LHC}},
  Author                   = {B. Salvachua and R. Bruce and M. Brugger and F. Cerutti and S. Redaelli},
  Journal                  = {Proceedings of the International Particle Accelerator Conference 2013, Shanghai, China},
  Year                     = {2013}
}

@Article{salvachua14_evian,
  Title                    = {Collimation system post-{LS1}: status and commissioning},
  Author                   = {B. Salvachua and G. Valentino and O. Aberle and J. Albertone and S. Athanasiadis and V. Baglin and A. Bertarelli and C. Boccard and R. Bruce and F. Carra and G. Cattenoz and J. Coupard and S. Chemli and C. Derrez and L. Esposito and R. Folch and I. Lamas and J. Lendaro and R. Losito and A. Marsili and A. Masi and D. Mirarchi and E. Quaranta and S. Redaelli and A. Rossi and I. Sexton},
  Journal                  = {Proceedings of the 5th Evian Workshop, Evian, France},
  Year                     = {2014}
}

@Article{sands,
  Title                    = {The physics of electron storage rings},
  Author                   = {M. Sands},
  Journal                  = {SLAC report 121},
  Year                     = {1970}
}

@Article{schmidt94,
  Title                    = {{SixTrack. User’s Reference Manual}},
  Author                   = {F. Schmidt},
  Journal                  = {CERN/SL/94-56-AP},
  Year                     = {1994}
}

@Article{schmidt06,
  Title                    = {Protection of the {CERN Large Hadron Collider}},
  Author                   = {R Schmidt and R Assmann and E Carlier and B Dehning and R Denz and B Goddard and E B Holzer and V Kain and B Puccio and B Todd and J Uythoven and J Wenninger and M Zerlauth},
  Journal                  = {New Journal of Physics},
  Year                     = {2006},
  Number                   = {11},
  Pages                    = {290},
  Volume                   = {8}
}

@Article{schogl92,
  Title                    = {{Einsatz von PIN-Photodioden als Protonen-Strahlverlustmonitore bei HERA}},
  Author                   = {S. Schogl},
  Journal                  = {DESY-HERA-92-03},
  Year                     = {1992}
}

@PhdThesis{seidel-thesis,
  Title                    = {{The proton collimation system of HERA}},
  Author                   = {M. Seidel},
  School                   = {Universit\"at Hamburg},
  Year                     = {1994}
}

@Article{sidorin06,
  Title                    = {BETACOOL program for simulation of beam dynamics in storage rings},
  Author                   = {A. O. Sidorin and I. N. Meshkov and I. A. Seleznev and A. V. Smirnov and E. M. Syresin and G. V. Trubnikov},
  Journal                  = {Nucl. Inst. \& Methods A},
  Year                     = {2006},
  Number                   = {1},
  Pages                    = {325 - 328},
  Volume                   = {558},

  Doi                      = {DOI: 10.1016/j.nima.2005.11.041}
}

@Article{siemann85,
  Title                    = {A {MAD-X} Primer},
  Author                   = {R.H. Siemann},
  Journal                  = {AIP conference 127, AIP New York},
  Year                     = {1985},
  Pages                    = {368}
}

@PhdThesis{sonnemann,
  Title                    = { Resistive transition and protection of {LHC} superconducting cables and magnets},
  Author                   = {F. Sonnemann},
  School                   = {RWTH Aachen},
  Year                     = {2001},

  HowPublished             = {\mbox{\url{http://quench-analysis.web.cern.ch/quench-analysis/phd-fs-html/phd-fs-html.html}}}
}

@Article{spicker97,
  Title                    = {Simulation of point beam losses in {LHC} superconducting magnets},
  Author                   = {{T. Spickermann \textit{et al.}}},
  Journal                  = {{LHC Project Note 124, CERN}},
  Year                     = {1997}
}

@Article{talanov05,
  Title                    = {Estimation of the Machine Induced Background for the Commissioning Period with Tertiary Collimators in the {IR1} of the {LHC}},
  Author                   = {V. Talanov},
  Journal                  = {LHC Project Note 371, CERN},
  Year                     = {2005}
}

@MastersThesis{claudia-thesis,
  Title                    = {{An improved scattering routine for collimation tracking studies at LHC}},
  Author                   = {C. Tambasco},
  School                   = {Universit\`{a} di Roma},
  Year                     = {2014},
  Address                  = {Italy}
}


@MastersThesis{florian-thesis,
  Title                    = {{Beam Loss and Beam Shape at the LHC Collimators}},
  Author                   = {F. Burkart},
  School                   = {Goethe Universität, Frankfurt},
  Year                     = {2012},
  Address                  = {Germany}
}

@Article{alice_Jinst,
  Title                    = {The ALICE experiment at the CERN LHC},
  Author                   = {{The ALICE Collaboration}},
  Journal                  = {Journal of Instrumentation},
  Year                     = {2008},
  Number                   = {08},
  Pages                    = {S08002},
  Volume                   = {3}
}

@Article{lhcb_Jinst,
  Title                    = {The LHCb Detector at the LHC},
  Author                   = {{The LHCb Collaboration}},
  Journal                  = {Journal of Instrumentation},
  Year                     = {2008},
  Number                   = {08},
  Pages                    = {S08005},
  Volume                   = {3}
}

@Article{totem,
  Title                    = {The {TOTEM} Experiment at the {CERN Large Hadron Collider}},
  Author                   = {{The TOTEM Collaboration}},
  Journal                  = {JINST},
  Year                     = {2008},
  Pages                    = {S08007},
  Volume                   = {3},

  Abstract                 = {The TOTEM Experiment will measure the total pp cross-section with the luminosity-independent method and study elastic and diffractive scattering at the LHC. To achieve optimum forward coverage for charged particles emitted by the pp collisions in the interaction point IP5, two tracking telescopes, T1 and T2, will be installed on each side in the pseudorapidity region 3.1 ≤ |η| ≤ 6.5, and Roman Pot stations will be placed at distances of ±147 m and ±220 m from IP5. Being an independent experiment but technically integrated into CMS, TOTEM will first operate in standalone mode to pursue its own physics programme and at a later stage together with CMS for a common physics programme. This article gives a description of the TOTEM apparatus and its performance.},
  Url                      = {http://stacks.iop.org/1748-0221/3/i=08/a=S08007}
}

@Article{tomas12prstab,
  Title                    = {{Record low $\beta$ beating in the LHC}},
  Author                   = {Tom\'as, R. and Bach, T. and Calaga, R. and Langner, A. and Levinsen, Y. I. and Maclean, E. H. and Persson, T. H. B. and Skowronski, P. K. and Strzelczyk, M. and Vanbavinckhove, G. and Miyamoto, R.},
  Journal                  = {Phys. Rev. ST Accel. Beams},
  Year                     = {2012},

  Month                    = {Sep},
  Pages                    = {091001},
  Volume                   = {15},

  Doi                      = {10.1103/PhysRevSTAB.15.091001},
  Issue                    = {9},
  Numpages                 = {7}
}

@Article{tomas10prstab,
  Title                    = {CERN Large Hadron Collider optics model, measurements, and corrections},
  Author                   = {Tom\'as, R. and Br\"uning, O. and Giovannozzi, M. and Hagen, P. and Lamont, M. and Schmidt, F. and Vanbavinckhove, G. and Aiba, M. and Calaga, R. and Miyamoto, R.},
  Journal                  = {Phys. Rev. ST Accel. Beams},
  Year                     = {2010},
  Pages                    = {121004},
  Volume                   = {13},

  Issue                    = {12},
  Numpages                 = {8},
  Publisher                = {American Physical Society}
}

@Article{tomas10,
  Title                    = {{The LHC optics in practice}},
  Author                   = {R. Tomas and C. Alabau and O. Bruning and R. Calaga and M. Giovannozzi and P. Hagen and V. Kain and M. Lamont and R. Miyamoto and F. Schmidt and M. Strzelczyk and G. Vanbavinckhove},
  Journal                  = {Proceedings of the 2010 {LHC} beam operation workshop, Evian, France},
  Year                     = {2010}
}

@Article{totem2011,
  Title                    = {{First measurement of the total proton-proton cross-section at the LHC energy of $\sqrt{s} = 7$~TeV}},
  Author                   = {{TOTEM collaboration}},
  Journal                  = {EPL},
  Year                     = {2011},
  Pages                    = {21002}
}

@Article{trbojevic97,
  Title                    = {The beam lifetime and emittance growth in {RHIC} under normal operating conditions and with a hydrogen gas jet},
  Author                   = {D. Trbojevic},
  Journal                  = {RHIC/AP/136},
  Year                     = {1997}
}

@InProceedings{trbojevic01,
  Title                    = {Beam Lifetime Dependence on the Beam-Gas Interactions in {RHIC}},
  Author                   = {D. Trbojevic and H. C. Hsueh and W. MacKay and A. Drees and R. Fliller},
  Booktitle                = {Proceedings of the 2001 Particle Accelerator Conference, Chicago},
  Year                     = {2001},
  Pages                    = {3141}
}

@InProceedings{trbojevic98,
  Title                    = {A study of betatron and momentum collimators in {RHIC}},
  Author                   = {D. Trbojevic and A.J. Stevens and M.A. Harrison and F. Dell and S. Peggs},
  Booktitle                = {Proceedings of the 1997 Particle Accelerator Conference, Vancouver, Canada},
  Year                     = {1998},
  Pages                    = {219}
}

@Article{jeanneret95,
  Title                    = {Optics of a two-stage collimation system},
  Author                   = {T. Trenkler and J.B. Jeanneret},
  Journal                  = {Part. Accel.},
  Year                     = {1995},
  Pages                    = {287},
  Volume                   = {50},

  Optjournal               = {Particle Accelerators}
}

@Article{jeanneret94-k2,
  Title                    = {K2, A software package evaluating collimation systems in circular colliders (manual)},
  Author                   = {T. Trenkler and J.B. Jeanneret},
  Journal                  = {CERN SL/94105 (AP)},
  Year                     = {1994}
}

@Article{bocconeReview11,
  Title                    = {{Energy depositon with and without IR3 upgrade}},
  Author                   = {{V. Boccone \textit{et al.}}},
  Journal                  = {presentation in the LHC Collimation Review, CERN},
  Year                     = {2011}
}

@Article{kain14_cham,
  Title                    = {{Concerns with Low Emittance Beams Operation}},
  Author                   = {{V. Kain \textit{et al.}}},
  Journal                  = {Proceedings of the LHC Performance Workshop (Chamonix 2014), Chamonix, France},
  Year                     = {2014}
}

@Article{vlachoudis09flair,
  Title                    = {{FLAIR:} A Powerful But User Friendly Graphical Interface For {FLUKA}},
  Author                   = {{V. Vlachoudis}},
  Journal                  = {Proc. Int. Conf. on Mathematics, Computational Methods and Reactor Physics (MC 2009), Saratoga Springs, New York},
  Year                     = {2009},

  Url                      = {http://www.fluka.org/flair/}
}

@Article{valentino13_PRSTAB_diffusion,
  Title                    = {Beam diffusion measurements using collimator scans in the LHC},
  Author                   = {Valentino, G. and A\ss{}mann, R. and Bruce, R. and Burkart, F. and Previtali, V. and Redaelli, S. and Salvachua, B. and Stancari, G. and Valishev, A.},
  Journal                  = {Phys. Rev. ST Accel. Beams},
  Year                     = {2013},
  Pages                    = {021003},
  Volume                   = {16},

  Doi                      = {10.1103/PhysRevSTAB.16.021003},
  Issue                    = {2},
  Numpages                 = {10},
  Publisher                = {American Physical Society}
}

@Article{valentino12,
  Title                    = {Semiautomatic beam-based {LHC} collimator alignment},
  Author                   = {Valentino, G. and A\ss{}mann, R. and Bruce, R. and Redaelli, S. and Rossi, A. and Sammut, N. and Wollmann, D.},
  Journal                  = {Phys. Rev. ST Accel. Beams},
  Year                     = {2012},
  Pages                    = {051002},
  Volume                   = {15},

  Issue                    = {5}
}

@Article{valentino11evian,
  Title                    = {{Multi-turn losses and cleaning}},
  Author                   = {G. Valentino and R. W. Assmann and G. Bellodi and R. Bruce and F. Burkart and M. Cauchi and D. Deboy and J. M. Jowett and L. Lari and S. Redaelli and A. Rossi and B. Salvachua Ferrando and D. Wollmann},
  Journal                  = {Proceedings of the 2011 {LHC} beam operation workshop, Evian, France},
  Year                     = {2011}
}

@Article{ipac11_gianluca_setup1,
  Title                    = {{Comparison of LHC collimation setups with manual and semi-automatic collimator alignment}},
  Author                   = {G. Valentino and R. W. Assmann and R. Bruce and F. Burkart and M. Cauchi and D. Deboy and S. Redaelli and A. Rossi and N. Sammut and D. Wollmann},
  Journal                  = {Proceedings of IPAC’11, San Sebastian, Spain},
  Year                     = {2011}
}

@Article{ipac11_gianluca_setup2,
  Title                    = {{Semi-automatic Beam-based Alignment Algorithm for the LHC Collimation System}},
  Author                   = {G. Valentino and R. W. Assmann and S. Redaelli and N. Sammut and D. Wollmann},
  Journal                  = {Proceedings of IPAC’11, San Sebastian, Spain},
  Year                     = {2011}
}

@Article{valentino14_BPM_buttons,
  Title                    = {Successive approximation algorithm for beam-position-monitor-based {LHC} collimator alignment},
  Author                   = {Valentino, G. and Nosych, A.A. and Bruce, R. and Gasior, M. and Mirarchi, D. and Redaelli, S. and Salvachua, B. and Wollmann, D.},
  Journal                  = {Phys. Rev. ST Accel. Beams},
  Year                     = {2014},
  Pages                    = {021005},
  Volume                   = {17},

  Doi                      = {10.1103/PhysRevSTAB.17.021005},
  Issue                    = {2},
  Numpages                 = {13},
  Url                      = {http://link.aps.org/doi/10.1103/PhysRevSTAB.17.021005}
}

@Article{gianluca15cwgOrbit,
  Title                    = {{Analysis of collimator BPMs during the machine cycle}},
  Author                   = {G. Valentino and A. Valloni},
  Journal                  = {presentation in the LHC Collimation Working Group, 2015.10.05},
  Year                     = {2015}
}

@Article{vanderMeer68,
  Author                   = {S. {van der Meer}},
  Journal                  = {CERN report ISR-PO/68-31},
  Year                     = {1968}
}

@Article{ipac11_vanbavinckhove,
  Title                    = {{Record low $\beta$-beat of 10\% in the LHC}},
  Author                   = {G. Vanbavinckhove and M. Aiba and R. Calaga and R. Miyamoto and R. Tomas},
  Journal                  = {Proceedings of IPAC’11, San Sebastian, Spain},
  Year                     = {2011},
  Pages                    = {2061}
}

@Article{werner10chamonix,
  Title                    = {{Pushing the limits: crossing angles, aperture and beta*}},
  Author                   = {{W.~Herr}},
  Journal                  = {To be published in the Chamonix 2011 LHC Performance Workshop},
  Year                     = {2011}
}

@Article{herr09cham,
  Title                    = {{Options and preferences for proton running in 2009}},
  Author                   = {{W.~Herr}},
  Journal                  = {Proceedings of the 2009 Chamonix workshop on LHC performance, Chamonix, France},
  Year                     = {2009}
}

@Article{weterings04,
  Title                    = {Conceptual design of the {LHC beam dumping protection elements TCDS and TCDQ}},
  Author                   = {W.Weterings and B.Goddard and B.Riffaud and M.{Sans Merce}},
  Journal                  = {Proc. of the European Particle Accelerator Conf. 2004, Lucerne, Switzerland},
  Year                     = {2004},
  Pages                    = {629}
}

@Article{wei90,
  Title                    = {Intrabeam scattering and the beam life-time},
  Author                   = {J. Wei and A.G. Ruggiero},
  Journal                  = {BNL-45269 AD/RHIC-81},
  Year                     = {1990}
}

@Article{weiler08,
  Title                    = {{beam cleaning and beam loss control}},
  Author                   = {T. Weiler and R. Assmann and C. Bracco and V. Previtali and S. Redaelli},
  Journal                  = {Proceedings of Hadron Beam 2008, Nashville, Tennessee, USA},
  Year                     = {2008},
  Pages                    = {359}
}

@Article{wenninger12lboc,
  Title                    = {{Margin for Beam Position Interlocking at the TCDQ, Analysis of 2011 Data}},
  Author                   = {J. Wenninger},
  Journal                  = {presentation in the LHC Beam Operation Committee, 2012.01.17.},
  Year                     = {2012}
}

@Article{wenninger10evian,
  Title                    = {{Paramteres and operation plans for 2011}},
  Author                   = {J. Wenninger},
  Journal                  = {Proceedings of the 2010 {LHC} beam operation workshop, Evian, France},
  Year                     = {2010}
}

@Article{white10,
  Title                    = {{Strategy for Luminosity Optimization}},
  Author                   = {S.M. White},
  Journal                  = {Proceedings of the 2010 {LHC} beam operation workshop, Evian, France},
  Year                     = {2010}
}

@Book{wiedemann,
  Title                    = {Particle Accelerator Physics},
  Author                   = {H. Wiedemann},
  Publisher                = {Springer},
  Year                     = {2007},
  Edition                  = {Third}
}

@Article{cas96,
  Title                    = {Superconducting materials for magnets},
  Author                   = {M. Wilson},
  Journal                  = {Proceedings of the {CERN} Accelerator School, CERN 96-03},
  Year                     = {1996}
}

@Book{wilson,
  Title                    = {Superconducting magnets},
  Author                   = {M. Wilson},
  Publisher                = {Clarendon Press Oxford},
  Year                     = {1983}
}

@Misc{witten2001,
  Author                   = {Edward Witten},

  Eprint                   = {hep-th/0106109}
}

@Article{wittenb00,
  Title                    = {{The PIN-Diode Beam Loss Monitor System At HERA}},
  Author                   = {K. Wittenburg},
  Journal                  = {AIP Conf. Proc.},
  Year                     = {2000},
  Pages                    = {3},
  Volume                   = {546}
}

@Article{wollmann_collimation_review,
  Title                    = {{Collimation Setup and Performance}},
  Author                   = {D. Wollmann and R.W. Assmann and G. Bellodi and R. Bruce and F. Burkart and M. Cauchi and J.M. Jowett and L. Lari and S. Redaelli and A. Rossi, G. Valentino},
  Journal                  = {{presentation in the LHC Collimation Review 2011}},
  Year                     = {2011}
}

@Article{wollmann10evian,
  Title                    = {{Multi-turn losses and Cleaning}},
  Author                   = {D. Wollmann and R.W. Assmann and R. Bruce and G. Bellodi and M. Cauchi and J.M. Jowett and S. Redaelli and A. Rossi and G. Valentino},
  Journal                  = {Proceedings of the 2010 {LHC} beam operation workshop, Evian, France},
  Year                     = {2010}
}

@Article{wollmann14_BPM,
  Title                    = {Beam feasibility study of a collimator with in-jaw beam position monitors},
  Author                   = {D. Wollmann and A.A. Nosych and G. Valentino and O. Aberle and R.W. Assmann and A. Bertarelli and C. Boccard and R. Bruce and F. Burkart and E. Calvo and M. Cauchi and A. Dallocchio and D. Deboy and M. Gasior and R. Jones and V. Kain and L. Lari and S. Redaelli and A. Rossi},
  Journal                  = {Nucl. Instrum. Methods Phys. Res., Sect. A},
  Year                     = {2014},
  Pages                    = {62},
  Volume                   = {768},

  Doi                      = {10.1016/j.nima.2014.09.024}
}

@Article{ipac11_wollmann_BPM,
  Title                    = {{First beam results for a collimator with in-jaw beam position monitors}},
  Author                   = {D. Wollmann. and O. Aberle and R. W. Assmann and A. Bertarelli and C. Boccard and R. Bruce and F. Burkart and M. Cauchi and A. Dallocchio and D. Deboy and M. Gasior and R. Jones and S. Redaelli and A. Rossi and G. Valentino},
  Journal                  = {Proceedings of IPAC’11, San Sebastian, Spain},
  Year                     = {2011}
}

@Article{yannis14_cham,
  Title                    = {{Operational Beams for the LHC}},
  Author                   = {{Y. Papaphilippou \textit{et al.}}},
  Journal                  = {Proceedings of the LHC Performance Workshop (Chamonix 2014), Chamonix, France},
  Year                     = {2014}
}

@Article{zhang07,
  Title                    = {Gold Beam Transverse Emittance in {RHIC}},
  Author                   = {S. Y. Zhang},
  Journal                  = {RHIC C-A/AP/297},
  Year                     = {2007}
}

@Article{zimmermann14fcc,
  Title                    = {Challenges for highest energy circular colliders},
  Author                   = {F. Zimmermann and M. Benedikt and D. Schulte and J. Wenninger},
  Journal                  = {Proceedings of the International Particle Accelerator Conference 2014, Dresden, Germany},
  Year                     = {2014},
  Pages                    = {1},

  Owner                    = {roderik},
  Timestamp                = {2015.02.16}
}

@Misc{angelica,
  HowPublished             = {A. Drees, private communication}
}


@Misc{Lasheen,
  HowPublished             = {A. Lasheen, E. Chapochnikova and J. Repond, private communication}
}

@Misc{auchmann_private,
  HowPublished             = {B. Auchmann, private communication}
}

@Misc{fraser,
  HowPublished             = {M. Fraser, private communication}
}

@Misc{atsAFS,
  HowPublished             = {\url{/afs/cern.ch/eng/lhc/optics/ATS_V6.503}}
}

@Misc{bocian-private,
  HowPublished             = {D. Bocian, private communication}
}

@Misc{brennan,
  HowPublished             = {B. Goddard, private communication}
}

@Misc{cern-www,
  HowPublished             = {\url{http://www.cern.ch}}
}

@Misc{morning_meeting_28Aug2015,
  Title                    = {{LHC morning meeting, August 28, 2015}},
  Year                     = {2015},
  HowPublished             = {\url{https://indico.cern.ch/event/437959/contribution/4/attachments/1145995/1643030/LHCmorning_meeting_20150828.pdf}}
}


@Misc{dominique_private_communication,
  HowPublished             = {D. Missiaen, private communication}
}

@Misc{dunlop-private,
  HowPublished             = {J. Dunlop, private communication}
}

@Misc{fartoukh,
  HowPublished             = {S. Fartoukh, private communication}
}

@Misc{fluka-www,
  HowPublished             = {\url{http://www.fluka.org}}
}

@Misc{glenn,
  HowPublished             = {G.~Vanbavinckhove, private communication}
}

@Misc{hllhc_web,
  HowPublished             = {\url{http://hilumilhc.web.cern.ch/HiLumiLHC/index.html}}
}

@Misc{lhc-coll-web,
  HowPublished             = {\url{http://lhc-collimation-project.web.cern.ch/}}
}

@Misc{lhcopticsweb,
  Title                    = {{LHC} optics web},
  HowPublished             = {\url{http://lhc-optics.web.cern.ch/lhc-optics/www/}}
}

@Misc{lhc-optics-web,
  Title                    = {{LHC} optics web},
  HowPublished             = {\url{http://cern.ch/lhcoptics}}
}

@Misc{madtomma,
  HowPublished             = {\url{http://jowett.web.cern.ch/jowett/Madtomma/}}
}

@Misc{madx,
  Title                    = {{MAD-X} program},
  HowPublished             = {\url{http://cern.ch/mad/}}
}

@Misc{magistris,
  HowPublished             = {M. Magistris, private communication}
}

@Misc{mars-www,
  HowPublished             = {\url{http://www-ap.fnal.gov/MARS/}}
}

@Misc{massimo,
  HowPublished             = {M.~Giovannozzi, private communication}
}

@Misc{mathematica,
  HowPublished             = {\url{http://www.wolfram.com}}
}

@Misc{rhic-design,
  Title                    = {{RHIC} design manual},
  HowPublished             = {\url{http://www.agsrhichome.bnl.gov/NT-share/rhicdm/00_toc1i.htm}}
}

@Misc{rhic-experiments,
  HowPublished             = {The results of the four experiments at RHIC are summarized in the volume 2005 \textit{Nucl. Phys. A} \textbf{757}}
}

@Misc{rogelio,
  HowPublished             = {R.~Tomas, private communication}
}

@Misc{sixtrack-web,
  HowPublished             = {\url{http://sixtrack-ng.web.cern.ch/sixtrack-ng}}
}

@Misc{weiler-web,
  HowPublished             = {\url{http://lhc-collimation-impact-data.web.cern.ch/lhc-collimation-impact-data/lowb.coll.htm}}
}

@Misc{www_hl,
  Title                    = {{HL-LHC} website},
  HowPublished             = {\url{http://hilumilhc.web.cern.ch/}},

  Owner                    = {roderik},
  Timestamp                = {2015.03.18}
}

@Misc{zimmermannPriv,
  HowPublished             = {F. Zimmermann, private communication}
}

@Article{,
  Owner                    = {roderik},
  Timestamp                = {2014.12.18}
}

@Misc{LMC_bs_2014,
  Title                    = {{LHC Machine Committee, 2014.09.03}},
  Year                     = {2014}
}

@Misc{LSWGday_2014,
  Title                    = {{LHC Studies Working Group Day, 2014.09.02}},
  Year                     = {2014}
}

@Misc{SR-JW-private,
  HowPublished             = {S. Redaelli and J. Wenningner, private communication},
  Year                     = {2011}
}

@Misc{cdata,
  HowPublished             = {Cryosoft,France \url{www.cryodata.com}},
  Year                     = {2001}
}

@Article{lhcb,
  Title                    = {{LHCb} Technical Proposal},
  Journal                  = {CERN/LHCC 98-4, LHCC/P4},
  Year                     = {1998}
}

@Article{cas,
  Title                    = {Superconductivity in Particle Accelerators},
  Journal                  = {Proceedings of the Cern Accelerator School, CERN 96-03},
  Year                     = {1996}
}

@article{appleby10,
  title = {Beam-related machine protection for the CERN Large Hadron Collider experiments},
  author = {Appleby, R. B. and Goddard, B. and Gomez-Alonso, A. and Kain, V. and Kramer, T. and Macina, D. and Schmidt, R. and Wenninger, J.},
  journal = {Phys. Rev. ST Accel. Beams},
  volume = {13},
  issue = {6},
  pages = {061002},
  numpages = {17},
  year = {2010},
  doi = {10.1103/PhysRevSTAB.13.061002}
}

@Article{velottisps,
  Title                    = {{SPS-to-LHC Transfer Lines Loss Map Generation Using Pycollimate}},
  author={Velotti, FM and Bartmann, W and Bracco, C and Fraser, MA and Goddard, B and Kain, V and Meddahi, M},
  Journal                  = {Proceedings of the International Particle Accelerator Conference 2015, Richmond, VA, USA},
  Year                     = {2015}
}


@article{verena,
  title={The Expected Performance of the LHC Injection Protection System},
  author={{V. Kain \textit{et al.}}},
  Journal = {Proc. of the European Particle Accelerator Conf. 2004, Lucerne, Switzerland},
  year = {2004}
}

@Misc{jan_uythoven,
  HowPublished             = {J. Uythoven, private communication}
}


@article{Chatrchyan201230,
title = {Observation of a new boson at a mass of 125 {GeV} with the {CMS} experiment at the {LHC} },
journal = "Physics Letters B ",
volume = "716",
number = "1",
pages = "30 - 61",
year = "2012",
issn = "0370-2693",
doi = "http://dx.doi.org/10.1016/j.physletb.2012.08.021",
url = "http://www.sciencedirect.com/science/article/pii/S0370269312008581",
author = "CMS collaboration"
}

@article{Aad20121,
title = {Observation of a new particle in the search for the Standard Model Higgs boson with the {ATLAS} detector at the {LHC} },
journal = "Physics Letters B ",
volume = "716",
number = "1",
pages = "1 - 29",
year = "2012",
note = "",
issn = "0370-2693",
doi = "http://dx.doi.org/10.1016/j.physletb.2012.08.020",
url = "http://www.sciencedirect.com/science/article/pii/S037026931200857X",
author = "ATLAS collaboration"
}

@article{auchmann15_PRSTAB,
  title = {Testing beam-induced quench levels of LHC superconducting magnets},
  author = {Auchmann, B. and Baer, T. and Bednarek, M. and Bellodi, G. and Bracco, C. and Bruce, R. and Cerutti, F. and Chetvertkova, V. and Dehning, B. and Granieri, P. P. and Hofle, W. and Holzer, E. B. and Lechner, A. and Nebot Del Busto, E. and Priebe, A. and Redaelli, S. and Salvachua, B. and Sapinski, M. and Schmidt, R. and Shetty, N. and Skordis, E. and Solfaroli, M. and Steckert, J. and Valuch, D. and Verweij, A. and Wenninger, J. and Wollmann, D. and Zerlauth, M.},
  journal = {Phys. Rev. ST Accel. Beams},
  volume = {18},
  issue = {6},
  pages = {061002},
  numpages = {21},
  year = {2015},
  publisher = {American Physical Society},
  doi = {10.1103/PhysRevSTAB.18.061002},
}

@article{hermes16_nim,
title = "Measured and simulated heavy-ion beam loss patterns at the \{CERN\} Large Hadron Collider ",
journal = "Nuclear Instruments and Methods in Physics Research Section A: Accelerators, Spectrometers, Detectors and Associated Equipment ",
volume = "819",
pages = "73 - 83",
year = "2016",
doi = "http://dx.doi.org/10.1016/j.nima.2016.02.050",
author = "P.D. Hermes and R. Bruce and J.M. Jowett and S. Redaelli and B. Salvachua Ferrando and G. Valentino and D. Wollmann",
}

@article{langner15_PRSTAB,
  title = {Optics measurement algorithms and error analysis for the proton energy frontier},
  author = {Langner, A. and Tom\'as, R.},
  journal = {Phys. Rev. ST Accel. Beams},
  volume = {18},
  issue = {3},
  pages = {031002},
  year = {2015},
  doi = {10.1103/PhysRevSTAB.18.031002},
  url = {http://link.aps.org/doi/10.1103/PhysRevSTAB.18.031002}
}
