@article{roderikSimMeasPaper,
 author={R. Bruce and others},
 title = {{Simulations and measurements of beam loss patterns at the CERN Large Hadron Collider}},
 journal={Phys. Rev. ST Accel. Beams},
 volume={17},
 number={081004},
 year={2014}
}

@article{HectorsPaper,
 author={H.~Garcia~Morales and others},
 title = {{sometitle}},
 journal={some journal},
 volume={somevolume},
 number={somenumber},
 year={to be published}
}

@Article{ATLAS_JINST_13,
  Title                    = {{Characterisation and mitigation of beam-induced backgrounds observed in the ATLAS detector during the 2011 proton-proton run}},
  Author                   = {{ATLAS Collaboration}},
  Journal                  = {Journal of Instrumentation},
  Year                     = {2013},
  Number                   = {07},
  Pages                    = {P07004},
  Volume                   = {8},
  Url                      = {http://stacks.iop.org/1748-0221/8/i=07/a=P07004}
}

@article{atlasBKGPaper2012,
 author= "{{The ATLAS Collaboration}}",
 title = "{Beam-induced and cosmic-ray backgrounds observed in the {ATLAS} detector during the {LHC} 2012 proton-proton running period}",
 journal={JNIST},
 volume={XX},
 number={XX},
 year={2016},
 note={\href{http://arxiv.org/pdf/1603.09202v2.pdf}{http://arxiv.org/abs/1603.09202}}
}

@manual{K2Ref},
author={T. Trenkler and J. Jeanneret}, 
title={K2: a software package evaluating collimation systems in circular colliders (manual)}, 
organization={CERN},
note={CERN SL/94105 (AP)},
year=1994
}

@inproceedings{ipac2015_rkh,
  author = {R.~Kwee-Hinzmann and others},
  title = {BEAM INDUCED BACKGROUND SIMULATION STUDIES AT {IR1} WITH NEW HIGH LUMINOSITY {LHC} LAYOUT},
  booktitle = {Proceedings of 6th International Particle Accelerator Conference IPAC15},
  note = {\href{http://accelconf.web.cern.ch/AccelConf/IPAC2015/papers/tupty067.pdf}{TUPTY067}},
  year = {2015},

}

@inproceedings{KyrreIpac2015,
  author = {K.~Sjobak and Burkhardt, H. and De Maria, R. and Mereghetti, A. and Santamaria Garcia, A.},
  title = {GENERAL FUNCTIONALITY FOR TURN-DEPENDENT ELEMENT PROPERTIES IN SIXTRACK},
  booktitle = {Proceedings of 6th International Particle Accelerator Conference IPAC15},
  note = {\href{http://accelconf.web.cern.ch/AccelConf/IPAC2015/papers/mopje069.pdf}{MOPJE069}},
  year = {2015},

}

@inproceedings{collRef,
author = {Assmann, R.W. and other},
title = {{The Final Collimation System for the LHC}},
booktitle={{European Particle Accelerator Conference Proceedings}},
year={2006}
}

@inproceedings{kweeIpac14,
  author = {R.~Kwee-Hinzmann and others},
  title = {First Background Studies at {IR1} for High Luminosity {LHC}},
  booktitle = {Proceedings of 5th International Particle Accelerator Conference IPAC14},
  note = {\href{http://accelconf.web.cern.ch/AccelConf/IPAC2014/papers/tupro027.pdf}{TUPRO027}},
  year = {2014},
}

@misc{christinasStudent,
key={Sopousek},
note={This work done by J.~Sopou≈°ek.}
}

@misc{christinaPriv,
note={C.~Yin Vallgren, private communitcation, October 2016.
}

@misc{HLLHCWebRef,
note={\href{http://hilumilhc.web.cern.ch/}{HiLumi Web-page}}
}
                                                                                                                                                             
@techreport{LHCDesignRep,
  author = {O.~S.~Br\"uning and others},
  title = {{LHC} design report v.1 : {T}he {LHC} main ring},
  institution = {CERN},
  number = {CERN-2004-003-V1},
  note = {Chapter~18},
  year = 2004
}


@article{pdg,
 author={K.A. Olive and others (Particle Data Group)},
 title = {{Review on Particle Physics}},
 journal={Chin. Phys. C},
 volume={8},
 number={090001},
 year={2013}
}

@article{ATSref,
 author={Fartoukh, S.},
 title = {{Achromatic telescopic squeezing scheme and application to the LHC and its luminosity upgrade}},
 journal={Phys.~Rev.~ST~Accel.~Beams},
 volume={16},
 number={111002},
 year={2013}
}

@inproceedings{layoutProcRod,
  author ={R.~Bruce and others}, 
  title = {Collimator layouts for {HL-LHC} in the experimental insertions}, 
  booktitle = {Proceedings of 6th International Particle Accelerator Conference IPAC15},
  note = {\href{http://accelconf.web.cern.ch/AccelConf/IPAC2015/papers/tupty028.pdf}{TUPTY028}},
  year = {2015}
}       

@inproceedings{layoutProcRod,
  author ={R.~Bruce and others}, 
  title = {Collimator layouts for {HL-LHC} in the experimental insertions}, 
  booktitle = {Proceedings of 6th International Particle Accelerator Conference IPAC15},
  note = {\href{http://accelconf.web.cern.ch/AccelConf/IPAC2015/papers/tupty028.pdf}{TUPTY028}},
  year = {2015}
}       

@manual{collSettRef,
author={R.Bruce and others}, 
title={Parameters for {HL-LHC} aperture calculations}, 
organization={CERN},
note={\href{http://cds.cern.ch/record/1697805?ln=en}{CERN-ACC-2014-0044}},
year=2014
}

@Article{bruce11evian,
  Title                    = {{LHC $\beta^*$ reach in 2012}},
  Author                   = {R. Bruce and R.W.~Assman},
  Journal                  = {Proceedings of the 2011 {LHC} beam operation workshop, Evian, France},
  Note = {\href{https://cdsweb.cern.ch/record/1451243/files/CERN-ATS-2012-083-rev.pdf}{CERN-ATS-2012-083}},
  Year                     = {2011}
}

@Article{bruce15_PRSTAB_betaStar,
  Title                    = {{Calculations of safe collimator settings and ${\ensuremath{\beta}}^{*}$ at the CERN Large Hadron Collider}},
  Author                   = {Bruce, R. and Assmann, R. W. and Redaelli, S.},
  Journal                  = {Phys. Rev. ST Accel. Beams},
  Year                     = {2015},

  Month                    = {Jun},
  Pages                    = {061001},
  Volume                   = {18},

  Doi                      = {10.1103/PhysRevSTAB.18.061001},
  Issue                    = {6},
  Numpages                 = {16},
  Publisher                = {American Physical Society},
  Url                      = {http://link.aps.org/doi/10.1103/PhysRevSTAB.18.061001}
}


@Article{bruce13evian,
  Title                    = {{Collimation and $\beta^*$ reach}},
  Author                   = {R.~Bruce and S.~Redaelli},
  Journal                  = {Proceedings of the 2013 {LHC} beam operation workshop, Evian, France},
  Note = {\href{https://cds.cern.ch/record/1968515/files/CERN-ACC-2014-0319.pdf}{CERN-ACC-2014-0319}},
  Year                     = {2013}
}

@manual{vascoRef,
  Title                    = {VASCO (VAcuum Stability COde): multi-gas code to calculate gas density},
  Author                   = {A. Rossi},
    organisation={CERN},
  note                  = {\href{https://cds.cern.ch/record/728512/files/project-note-341.pdf}{LHC Project Note 341}},
Year                     = {2004}

}

@Article{bruce14_chamonix,
  Title                    = {Baseline {LHC} machine parameters and configuration of the 2015 proton run},
  Author                   = {R. Bruce and G. Arduini and S. Fartoukh and M. Giovannozzi and M. Lamont and E. Metral and T. Pieloni and S. Redaelli and J. Wenninger},
  Journal                  = {Proceedings of the LHC Performance Workshop (Chamonix 2014), Chamonix, France},
    Note = {\href{https://cds.cern.ch/record/1957003/files/100-106_Bruce.pdf}},
  Year                     = {2014}
}

@manual{parametersRun1,
author={J. Wenninger and others}, 
title={Operation and Confuguration of the {LHC} in Run I}, 
organization={CERN},
note={\href{https://cds.cern.ch/record/1631030/files/CERN-ACC-Note-2013-0041\%20v2.pdf?}{CERN-ACC-NOTE-2013-0041}},
year=2013
}
                                                                                                                                                              
@article{nimPaperRod,
  author = {R.~Bruce and others},
  title = {{Sources of machine-induced background in the ATLAS and CMS detectors at the CERN Large Hadron Collider}},
  journal  = {Nucl.~Instrum.~Methods Phys.~Res.~Sect.~A},
  volume ={729},
  number = {825},
  year = {2013}
}
@conference{SixTrackRef,

author={Robert-Demolaize, R. and Assmann, R. and Redaelli, S. and Schmidt, F.},
title={{A new version of SixTrack with collimation and aperture interface}},
booktitle={Particle Accelerator Conference},
year=2005
}

@phdthesis{chiarasThesis,
 author = "{Bracco, C.}",
 title  = {{Commissioning Scenarios and Tests for the LHC Collimation system}},
 school = {{\'Ecole Polytechnique F\'ed\'erale de Lausanne}},
 month  = "January",
 year   = "2009"
}

@phdthesis{giovanniPhd,
 author = "{Iadarola, G.}",
 title  = {{Electron cloud studies for CERN particle accelerators and simulation code development}}
 school = {{Universit\`{a} degli Studi di Napoli Federico II, Napoli, Italy}},
 month  = "March",
 year   = "2014",
 note = {{CERN-THESIS-2014-047}}
}

@mastersthesis{claudiasThesis,
 author = "{Tambasco, C.}",
 title  = {{An improved scattering routine for collimation tracking studies at LHC}},
 school = {{\'Ecole Polytechnique F\'ed\'erale de Lausanne}},
 note = {\href{https://cds.cern.ch/record/1690529/files/CERN-THESIS-2014-014.pdf}{CERN-THESIS-2014-014}},
 year   = "2014"
}
@Misc{madx,
  Title                    = {{MAD-X} program},
  HowPublished             = {\url{http://cern.ch/mad/}}
}

@techreport{flukaRef1,
author={Ferrari, A. and Sala, P. and Fass\`{o}, A. and Ranft, J.},
title ={{FLUKA: A multi-particle transport code}},
institution={CERN, INFN, SLAC},
note={CERN-2005-10,INFN/TC$\_$05/11, SLAC-R-773},
year={2005}
}

@article{flukaRef2,
  Author = {T.T. Bohlen and F. Cerutti and M.P.W. Chin and A. Fass\`{o} and A. Ferrari and P.G. Ortega and A. Mairani and P.R. Sala and G. Smirnov and V. Vlachoudis},
title={{FLUKA Code: Developments and Challenges for High Energy and Medical Applications}}, 
journal={Nuclear Data Sheets},
volume={120},
pages={211--214},
year={2014}
}
                                                                                                                                                              
@misc{opticsWebRef,
key={LHC optics webpage},
note={{\href{http://lhc-optics.web.cern.ch/lhc-optics/www/hllhc10/}{LHC Optics Web: HL-LHCv1.0 optics}}}
}

@misc{refAccStats,
key={BE-CO},
title={Accelerator Performance and Statistics ver:1.8.8 Software by BE-CO. copyright 2014-2016 CERN},
howpublished={\url{https://acc-stats.web.cern.ch/acc-stats/#lhc/fill-details}}
}
